,timestamp,buyer,seller,symbol,currency,price,quantity
0,0,SUBMISSION,Ruby,AMETHYSTS,SEASHELLS,9999,1
1,0,SUBMISSION,Ruby,AMETHYSTS,SEASHELLS,9999,1
2,0,Remy,SUBMISSION,STARFRUIT,SEASHELLS,5001,1
3,100,Ruby,SUBMISSION,STARFRUIT,SEASHELLS,5002,6
4,900,Rhianna,Valentina,STARFRUIT,SEASHELLS,5001,2
5,1000,,SUBMISSION,AMETHYSTS,SEASHELLS,10002,1
6,1000,SUBMISSION,Ruby,STARFRUIT,SEASHELLS,4998,2
7,1100,SUBMISSION,Remy,STARFRUIT,SEASHELLS,4999,1
8,1400,SUBMISSION,,AMETHYSTS,SEASHELLS,9998,3
9,1500,Remy,SUBMISSION,AMETHYSTS,SEASHELLS,10001,1
10,1500,Remy,SUBMISSION,STARFRUIT,SEASHELLS,5000,1
11,1800,Ruby,SUBMISSION,STARFRUIT,SEASHELLS,5000,7
12,1800,Ruby,Valentina,STARFRUIT,SEASHELLS,5001,3
13,1800,Ruby,Vladimir,STARFRUIT,SEASHELLS,5001,1
14,1800,Remy,Vladimir,STARFRUIT,SEASHELLS,5002,1
15,2000,Remy,SUBMISSION,STARFRUIT,SEASHELLS,5000,1
16,2100,Rhianna,Valentina,STARFRUIT,SEASHELLS,5001,4
17,2200,,SUBMISSION,AMETHYSTS,SEASHELLS,10002,1
18,2500,SUBMISSION,Ruby,STARFRUIT,SEASHELLS,4998,3
19,2500,Valentina,Remy,AMETHYSTS,SEASHELLS,9998,1
20,2500,Valentina,Ruby,STARFRUIT,SEASHELLS,4996,8
21,3000,,SUBMISSION,AMETHYSTS,SEASHELLS,10002,3
22,3200,SUBMISSION,Remy,AMETHYSTS,SEASHELLS,9999,1
23,3200,SUBMISSION,Remy,STARFRUIT,SEASHELLS,4998,1
24,3300,SUBMISSION,Remy,AMETHYSTS,SEASHELLS,9999,2
25,3300,SUBMISSION,Remy,STARFRUIT,SEASHELLS,4998,2
26,3600,Ruby,SUBMISSION,AMETHYSTS,SEASHELLS,10001,6
27,3900,Remy,SUBMISSION,STARFRUIT,SEASHELLS,5000,1
28,4000,SUBMISSION,Rhianna,AMETHYSTS,SEASHELLS,9999,1
29,4200,Ruby,SUBMISSION,AMETHYSTS,SEASHELLS,10001,2
30,4200,Ruby,SUBMISSION,AMETHYSTS,SEASHELLS,10001,1
31,4200,SUBMISSION,Remy,STARFRUIT,SEASHELLS,4999,1
32,4400,Ruby,SUBMISSION,STARFRUIT,SEASHELLS,5000,2
33,4500,SUBMISSION,Ruby,STARFRUIT,SEASHELLS,4998,5
34,4500,Valentina,Ruby,STARFRUIT,SEASHELLS,4997,3
35,4500,Vinnie,Ruby,STARFRUIT,SEASHELLS,4997,1
36,5000,SUBMISSION,,STARFRUIT,SEASHELLS,4998,3
37,5500,,SUBMISSION,STARFRUIT,SEASHELLS,5002,4
38,5800,SUBMISSION,Ruby,STARFRUIT,SEASHELLS,5001,7
39,6500,SUBMISSION,Rhianna,STARFRUIT,SEASHELLS,5001,5
40,6600,Valentina,Remy,STARFRUIT,SEASHELLS,4999,1
41,6700,SUBMISSION,Remy,AMETHYSTS,SEASHELLS,9999,2
42,6700,Valentina,Remy,STARFRUIT,SEASHELLS,4998,2
43,6700,Valentina,Rhianna,STARFRUIT,SEASHELLS,4999,4
44,7100,Valentina,Rhianna,STARFRUIT,SEASHELLS,4999,5
45,7200,Ruby,SUBMISSION,STARFRUIT,SEASHELLS,5002,4
46,7300,SUBMISSION,Remy,STARFRUIT,SEASHELLS,4999,1
47,7400,Remy,SUBMISSION,AMETHYSTS,SEASHELLS,10000,1
48,7400,,SUBMISSION,STARFRUIT,SEASHELLS,5003,1
49,7400,Remy,SUBMISSION,STARFRUIT,SEASHELLS,5003,1
50,7400,Remy,SUBMISSION,STARFRUIT,SEASHELLS,5003,1
51,7500,Remy,Valentina,AMETHYSTS,SEASHELLS,10002,1
52,7800,,SUBMISSION,STARFRUIT,SEASHELLS,5002,1
53,7800,Rhianna,SUBMISSION,STARFRUIT,SEASHELLS,5002,1
54,7800,Rhianna,SUBMISSION,STARFRUIT,SEASHELLS,5002,1
55,8500,SUBMISSION,,AMETHYSTS,SEASHELLS,9998,6
56,8600,Remy,SUBMISSION,AMETHYSTS,SEASHELLS,10000,1
57,8600,Remy,SUBMISSION,STARFRUIT,SEASHELLS,5001,1
58,8700,Remy,SUBMISSION,AMETHYSTS,SEASHELLS,10000,2
59,8700,Adam,Valentina,STARFRUIT,SEASHELLS,5002,9
60,8700,Remy,Valentina,STARFRUIT,SEASHELLS,5004,2
61,8800,Remy,Valentina,STARFRUIT,SEASHELLS,5003,1
62,8800,Remy,Valentina,AMETHYSTS,SEASHELLS,10002,1
63,9600,SUBMISSION,Ruby,AMETHYSTS,SEASHELLS,10000,3
64,10100,SUBMISSION,Remy,AMETHYSTS,SEASHELLS,10000,1
65,10200,SUBMISSION,Remy,AMETHYSTS,SEASHELLS,9999,1
66,10200,SUBMISSION,Remy,STARFRUIT,SEASHELLS,4997,1
67,11100,Remy,SUBMISSION,AMETHYSTS,SEASHELLS,10001,2
68,11100,Amelia,SUBMISSION,STARFRUIT,SEASHELLS,5002,9
69,11100,Amelia,Valentina,STARFRUIT,SEASHELLS,5005,3
70,11100,Remy,Valentina,STARFRUIT,SEASHELLS,5005,2
71,11300,SUBMISSION,Remy,STARFRUIT,SEASHELLS,5000,1
72,11400,SUBMISSION,Remy,STARFRUIT,SEASHELLS,4999,1
73,12000,SUBMISSION,,STARFRUIT,SEASHELLS,4999,2
74,12000,SUBMISSION,Rhianna,STARFRUIT,SEASHELLS,4999,2
75,12000,SUBMISSION,Rhianna,STARFRUIT,SEASHELLS,4999,2
76,13000,SUBMISSION,,AMETHYSTS,SEASHELLS,9998,1
77,13000,SUBMISSION,Remy,AMETHYSTS,SEASHELLS,9998,1
78,13000,Rhianna,Valentina,STARFRUIT,SEASHELLS,5001,2
79,13500,SUBMISSION,,STARFRUIT,SEASHELLS,4998,1
80,13500,SUBMISSION,Remy,STARFRUIT,SEASHELLS,4998,1
81,13600,SUBMISSION,Remy,AMETHYSTS,SEASHELLS,10000,1
82,13900,SUBMISSION,Remy,AMETHYSTS,SEASHELLS,9999,1
83,13900,SUBMISSION,Remy,AMETHYSTS,SEASHELLS,9999,1
84,13900,SUBMISSION,Remy,STARFRUIT,SEASHELLS,5000,2
85,14000,Ruby,SUBMISSION,AMETHYSTS,SEASHELLS,10001,7
86,14300,SUBMISSION,,STARFRUIT,SEASHELLS,4998,1
87,14300,SUBMISSION,Remy,STARFRUIT,SEASHELLS,4998,1
88,15000,SUBMISSION,Remy,STARFRUIT,SEASHELLS,5000,1
89,15100,Ruby,SUBMISSION,AMETHYSTS,SEASHELLS,10001,4
90,15400,Rhianna,SUBMISSION,AMETHYSTS,SEASHELLS,10000,5
91,16100,,SUBMISSION,STARFRUIT,SEASHELLS,5002,1
92,16400,Valentina,SUBMISSION,STARFRUIT,SEASHELLS,4998,6
93,17000,Ruby,SUBMISSION,STARFRUIT,SEASHELLS,5000,8
94,17000,Ruby,Valentina,STARFRUIT,SEASHELLS,5003,1
95,17200,SUBMISSION,,STARFRUIT,SEASHELLS,4997,9
96,17200,SUBMISSION,Remy,STARFRUIT,SEASHELLS,4997,1
97,17300,Remy,SUBMISSION,AMETHYSTS,SEASHELLS,10001,1
98,17400,Amelia,SUBMISSION,STARFRUIT,SEASHELLS,5000,9
99,17400,Amelia,Valentina,STARFRUIT,SEASHELLS,5003,1
100,18000,Ruby,SUBMISSION,STARFRUIT,SEASHELLS,5000,4
101,18100,SUBMISSION,Remy,STARFRUIT,SEASHELLS,4998,1
102,18200,SUBMISSION,Remy,AMETHYSTS,SEASHELLS,9999,1
103,18200,SUBMISSION,Ruby,STARFRUIT,SEASHELLS,4997,3
104,18200,Vladimir,Ruby,STARFRUIT,SEASHELLS,4996,5
105,18300,SUBMISSION,Remy,AMETHYSTS,SEASHELLS,9999,1
106,18300,Remy,SUBMISSION,AMETHYSTS,SEASHELLS,10001,2
107,18300,Remy,SUBMISSION,STARFRUIT,SEASHELLS,4999,2
108,18500,Ruby,SUBMISSION,AMETHYSTS,SEASHELLS,10001,4
109,18500,Ruby,Valentina,AMETHYSTS,SEASHELLS,10005,1
110,18600,SUBMISSION,Remy,STARFRUIT,SEASHELLS,4998,1
111,19200,SUBMISSION,Remy,STARFRUIT,SEASHELLS,4998,1
112,19400,SUBMISSION,Remy,STARFRUIT,SEASHELLS,4997,1
113,19500,Remy,Valentina,AMETHYSTS,SEASHELLS,10002,1
114,19600,Rhianna,Valentina,AMETHYSTS,SEASHELLS,10002,1
115,19900,Remy,Valentina,AMETHYSTS,SEASHELLS,10002,1
116,20200,Rhianna,Valentina,AMETHYSTS,SEASHELLS,10002,1
117,20300,Remy,Valentina,STARFRUIT,SEASHELLS,5002,1
118,20600,SUBMISSION,,AMETHYSTS,SEASHELLS,9998,1
119,20600,SUBMISSION,Remy,AMETHYSTS,SEASHELLS,9998,1
120,20600,SUBMISSION,Amelia,AMETHYSTS,SEASHELLS,9998,8
121,20600,SUBMISSION,Amelia,AMETHYSTS,SEASHELLS,9997,1
122,20900,SUBMISSION,,AMETHYSTS,SEASHELLS,9998,1
123,20900,SUBMISSION,Remy,AMETHYSTS,SEASHELLS,9998,1
124,20900,Remy,SUBMISSION,STARFRUIT,SEASHELLS,4999,1
125,21300,Remy,SUBMISSION,AMETHYSTS,SEASHELLS,10000,1
126,21300,Remy,SUBMISSION,STARFRUIT,SEASHELLS,4999,1
127,21400,Remy,SUBMISSION,STARFRUIT,SEASHELLS,4999,1
128,21800,Remy,SUBMISSION,STARFRUIT,SEASHELLS,5000,1
129,22300,SUBMISSION,Remy,STARFRUIT,SEASHELLS,4999,1
130,22600,SUBMISSION,,STARFRUIT,SEASHELLS,4998,2
131,22700,SUBMISSION,,AMETHYSTS,SEASHELLS,9998,1
132,22700,SUBMISSION,Rhianna,AMETHYSTS,SEASHELLS,9998,1
133,22800,,SUBMISSION,AMETHYSTS,SEASHELLS,10002,1
134,22900,SUBMISSION,,STARFRUIT,SEASHELLS,4998,2
135,22900,SUBMISSION,Rhianna,STARFRUIT,SEASHELLS,4998,2
136,23000,Adam,Rhianna,AMETHYSTS,SEASHELLS,9998,4
137,23100,SUBMISSION,,AMETHYSTS,SEASHELLS,9998,1
138,23100,Remy,SUBMISSION,STARFRUIT,SEASHELLS,4999,1
139,23300,SUBMISSION,Rhianna,AMETHYSTS,SEASHELLS,9999,2
140,23900,SUBMISSION,,AMETHYSTS,SEASHELLS,9998,3
141,23900,SUBMISSION,Rhianna,AMETHYSTS,SEASHELLS,9998,3
142,23900,SUBMISSION,Ruby,AMETHYSTS,SEASHELLS,9998,4
143,23900,SUBMISSION,Ruby,AMETHYSTS,SEASHELLS,9997,4
144,24000,Rhianna,Vladimir,STARFRUIT,SEASHELLS,5001,3
145,24200,SUBMISSION,Ruby,STARFRUIT,SEASHELLS,4998,5
146,24300,,SUBMISSION,AMETHYSTS,SEASHELLS,10002,1
147,24300,Remy,SUBMISSION,AMETHYSTS,SEASHELLS,10002,1
148,24500,Remy,Valentina,STARFRUIT,SEASHELLS,5002,1
149,24600,SUBMISSION,Ruby,AMETHYSTS,SEASHELLS,9999,2
150,24600,SUBMISSION,Ruby,AMETHYSTS,SEASHELLS,9999,1
151,24600,Vinnie,Ruby,AMETHYSTS,SEASHELLS,9996,1
152,24700,Ruby,SUBMISSION,STARFRUIT,SEASHELLS,5000,6
153,25100,,SUBMISSION,AMETHYSTS,SEASHELLS,10002,1
154,25100,Remy,SUBMISSION,AMETHYSTS,SEASHELLS,10002,1
155,25100,Remy,Valentina,STARFRUIT,SEASHELLS,5001,1
156,25400,SUBMISSION,Ruby,STARFRUIT,SEASHELLS,4997,6
157,25400,Valentina,Ruby,STARFRUIT,SEASHELLS,4995,1
158,25600,Remy,SUBMISSION,AMETHYSTS,SEASHELLS,10001,2
159,25600,Remy,SUBMISSION,STARFRUIT,SEASHELLS,4998,2
160,25700,,SUBMISSION,AMETHYSTS,SEASHELLS,10002,3
161,25700,Adam,SUBMISSION,AMETHYSTS,SEASHELLS,10002,3
162,25700,Adam,SUBMISSION,AMETHYSTS,SEASHELLS,10002,4
163,25700,Adam,SUBMISSION,AMETHYSTS,SEASHELLS,10002,4
164,26300,SUBMISSION,Remy,STARFRUIT,SEASHELLS,4996,1
165,26400,Amelia,SUBMISSION,AMETHYSTS,SEASHELLS,10001,9
166,26400,SUBMISSION,,STARFRUIT,SEASHELLS,4994,1
167,26400,SUBMISSION,Remy,STARFRUIT,SEASHELLS,4994,1
168,26700,Remy,SUBMISSION,STARFRUIT,SEASHELLS,4997,1
169,27000,SUBMISSION,,STARFRUIT,SEASHELLS,4993,4
170,27000,SUBMISSION,Rhianna,STARFRUIT,SEASHELLS,4993,4
171,27000,Remy,Valentina,AMETHYSTS,SEASHELLS,10002,1
172,27200,SUBMISSION,Remy,STARFRUIT,SEASHELLS,4993,1
173,27300,Ruby,SUBMISSION,STARFRUIT,SEASHELLS,4995,6
174,27300,Ruby,Valentina,STARFRUIT,SEASHELLS,4998,5
175,27700,SUBMISSION,,AMETHYSTS,SEASHELLS,9998,1
176,27700,SUBMISSION,Rhianna,AMETHYSTS,SEASHELLS,9998,3
177,27700,SUBMISSION,Rhianna,AMETHYSTS,SEASHELLS,9998,1
178,27900,Rhianna,Valentina,AMETHYSTS,SEASHELLS,10002,4
179,28000,Remy,SUBMISSION,AMETHYSTS,SEASHELLS,10001,1
180,28000,Remy,SUBMISSION,STARFRUIT,SEASHELLS,4996,1
181,28300,Valentina,SUBMISSION,AMETHYSTS,SEASHELLS,9998,2
182,28300,Remy,SUBMISSION,AMETHYSTS,SEASHELLS,9998,1
183,28300,Remy,SUBMISSION,STARFRUIT,SEASHELLS,4996,1
184,28600,Valentina,SUBMISSION,AMETHYSTS,SEASHELLS,9998,1
185,28800,,SUBMISSION,STARFRUIT,SEASHELLS,4995,1
186,29400,Remy,SUBMISSION,AMETHYSTS,SEASHELLS,10001,2
187,29400,Remy,SUBMISSION,STARFRUIT,SEASHELLS,4995,2
188,29500,SUBMISSION,,AMETHYSTS,SEASHELLS,9998,2
189,29500,SUBMISSION,Rhianna,AMETHYSTS,SEASHELLS,9998,3
190,29500,SUBMISSION,Rhianna,AMETHYSTS,SEASHELLS,9998,2
191,29900,Remy,SUBMISSION,STARFRUIT,SEASHELLS,4993,1
192,30300,Remy,Valentina,STARFRUIT,SEASHELLS,4996,1
193,30400,Ruby,SUBMISSION,AMETHYSTS,SEASHELLS,10001,1
194,30400,Ruby,SUBMISSION,AMETHYSTS,SEASHELLS,10001,6
195,30400,SUBMISSION,Remy,STARFRUIT,SEASHELLS,4993,1
196,30900,SUBMISSION,,STARFRUIT,SEASHELLS,4992,1
197,30900,SUBMISSION,Remy,STARFRUIT,SEASHELLS,4992,1
198,31000,SUBMISSION,,AMETHYSTS,SEASHELLS,9998,1
199,31000,SUBMISSION,Remy,AMETHYSTS,SEASHELLS,9998,1
200,31000,SUBMISSION,Remy,STARFRUIT,SEASHELLS,4993,1
201,31200,SUBMISSION,,STARFRUIT,SEASHELLS,4993,5
202,31200,SUBMISSION,Remy,STARFRUIT,SEASHELLS,4993,1
203,31300,Valentina,SUBMISSION,AMETHYSTS,SEASHELLS,9998,1
204,31300,,SUBMISSION,STARFRUIT,SEASHELLS,4997,1
205,31300,Remy,SUBMISSION,STARFRUIT,SEASHELLS,4997,1
206,31400,Ruby,SUBMISSION,STARFRUIT,SEASHELLS,4996,4
207,31600,Rhianna,Valentina,AMETHYSTS,SEASHELLS,10002,3
208,31700,,SUBMISSION,STARFRUIT,SEASHELLS,4996,1
209,31800,Remy,Valentina,AMETHYSTS,SEASHELLS,10002,1
210,32000,SUBMISSION,,STARFRUIT,SEASHELLS,4992,1
211,32100,Rhianna,SUBMISSION,AMETHYSTS,SEASHELLS,10000,4
212,32100,SUBMISSION,Remy,STARFRUIT,SEASHELLS,4992,1
213,32500,Remy,Valentina,AMETHYSTS,SEASHELLS,10002,1
214,32700,,SUBMISSION,STARFRUIT,SEASHELLS,4996,1
215,32700,Remy,SUBMISSION,STARFRUIT,SEASHELLS,4996,1
216,32800,SUBMISSION,Remy,AMETHYSTS,SEASHELLS,9997,2
217,32800,SUBMISSION,Remy,STARFRUIT,SEASHELLS,4991,2
218,32800,SUBMISSION,Amelia,STARFRUIT,SEASHELLS,4991,2
219,32800,Vinnie,Ruby,AMETHYSTS,SEASHELLS,9996,2
220,33200,SUBMISSION,Remy,STARFRUIT,SEASHELLS,4992,1
221,33300,Remy,Adam,STARFRUIT,SEASHELLS,4995,1
222,33300,Valentina,Adam,STARFRUIT,SEASHELLS,4991,8
223,33500,Rhianna,SUBMISSION,AMETHYSTS,SEASHELLS,10000,3
224,33900,,SUBMISSION,STARFRUIT,SEASHELLS,4995,1
225,33900,Remy,SUBMISSION,STARFRUIT,SEASHELLS,4995,1
226,34000,SUBMISSION,Remy,AMETHYSTS,SEASHELLS,9999,1
227,34000,,SUBMISSION,STARFRUIT,SEASHELLS,4995,1
228,34000,Remy,SUBMISSION,STARFRUIT,SEASHELLS,4995,1
229,34100,Rhianna,Valentina,AMETHYSTS,SEASHELLS,10002,1
230,34900,SUBMISSION,,STARFRUIT,SEASHELLS,4992,1
231,35000,SUBMISSION,,STARFRUIT,SEASHELLS,4993,4
232,35000,SUBMISSION,Rhianna,STARFRUIT,SEASHELLS,4993,4
233,35300,SUBMISSION,Remy,STARFRUIT,SEASHELLS,4994,1
234,35600,Remy,Valentina,AMETHYSTS,SEASHELLS,10002,1
235,35800,SUBMISSION,Remy,STARFRUIT,SEASHELLS,4995,1
236,36200,Valentina,Rhianna,STARFRUIT,SEASHELLS,4994,3
237,36300,Remy,SUBMISSION,AMETHYSTS,SEASHELLS,10001,1
238,36300,Remy,SUBMISSION,STARFRUIT,SEASHELLS,4996,1
239,36500,Ruby,SUBMISSION,AMETHYSTS,SEASHELLS,10001,1
240,36500,Ruby,Valentina,AMETHYSTS,SEASHELLS,10005,3
241,36800,SUBMISSION,Remy,STARFRUIT,SEASHELLS,4996,1
242,37200,Amelia,SUBMISSION,STARFRUIT,SEASHELLS,4995,5
243,37200,Amelia,Valentina,STARFRUIT,SEASHELLS,4998,5
244,37400,Remy,Valentina,AMETHYSTS,SEASHELLS,10002,1
245,37600,SUBMISSION,,AMETHYSTS,SEASHELLS,9998,1
246,37900,SUBMISSION,Ruby,AMETHYSTS,SEASHELLS,9999,1
247,37900,Valentina,Ruby,AMETHYSTS,SEASHELLS,9995,3
248,38000,SUBMISSION,Amelia,STARFRUIT,SEASHELLS,4993,7
249,38000,Valentina,Amelia,STARFRUIT,SEASHELLS,4991,4
250,38400,Ruby,SUBMISSION,AMETHYSTS,SEASHELLS,10001,2
251,38500,Remy,SUBMISSION,STARFRUIT,SEASHELLS,4994,1
252,38500,Adam,Valentina,AMETHYSTS,SEASHELLS,10002,6
253,38800,SUBMISSION,Rhianna,STARFRUIT,SEASHELLS,4994,4
254,38800,Vinnie,Rhianna,STARFRUIT,SEASHELLS,4993,1
255,38900,SUBMISSION,Remy,AMETHYSTS,SEASHELLS,9998,1
256,38900,Valentina,Remy,STARFRUIT,SEASHELLS,4991,2
257,38900,Valentina,Remy,AMETHYSTS,SEASHELLS,9995,1
258,39100,Ruby,SUBMISSION,AMETHYSTS,SEASHELLS,10000,1
259,39100,Ruby,Vladimir,AMETHYSTS,SEASHELLS,10002,4
260,39300,SUBMISSION,Remy,AMETHYSTS,SEASHELLS,9999,1
261,39300,SUBMISSION,Remy,STARFRUIT,SEASHELLS,4994,1
262,39400,SUBMISSION,Remy,STARFRUIT,SEASHELLS,4995,1
263,39500,,SUBMISSION,STARFRUIT,SEASHELLS,4998,1
264,39500,Remy,SUBMISSION,STARFRUIT,SEASHELLS,4998,1
265,39800,SUBMISSION,,AMETHYSTS,SEASHELLS,9998,10
266,39800,Valentina,Rhianna,STARFRUIT,SEASHELLS,4993,4
267,40100,SUBMISSION,Amelia,STARFRUIT,SEASHELLS,4993,1
268,40200,,SUBMISSION,STARFRUIT,SEASHELLS,4997,5
269,40200,Rhianna,SUBMISSION,STARFRUIT,SEASHELLS,4997,5
270,40300,Valentina,Rhianna,STARFRUIT,SEASHELLS,4994,2
271,40600,SUBMISSION,Remy,STARFRUIT,SEASHELLS,4994,1
272,40700,Rhianna,Valentina,STARFRUIT,SEASHELLS,4996,3
273,40900,Valentina,Rhianna,STARFRUIT,SEASHELLS,4992,3
274,41000,,SUBMISSION,STARFRUIT,SEASHELLS,4996,2
275,41100,,SUBMISSION,STARFRUIT,SEASHELLS,4995,9
276,41100,Adam,SUBMISSION,STARFRUIT,SEASHELLS,4995,1
277,41100,SUBMISSION,Remy,STARFRUIT,SEASHELLS,4993,1
278,41100,Adam,SUBMISSION,STARFRUIT,SEASHELLS,4995,7
279,41100,Adam,Valentina,STARFRUIT,SEASHELLS,4995,1
280,41500,Remy,SUBMISSION,AMETHYSTS,SEASHELLS,9999,1
281,41500,Ruby,SUBMISSION,AMETHYSTS,SEASHELLS,9999,2
282,41600,SUBMISSION,Remy,AMETHYSTS,SEASHELLS,9999,1
283,41600,SUBMISSION,Remy,STARFRUIT,SEASHELLS,4992,1
284,42800,SUBMISSION,,AMETHYSTS,SEASHELLS,9998,10
285,42900,Remy,SUBMISSION,AMETHYSTS,SEASHELLS,10000,1
286,42900,Remy,SUBMISSION,STARFRUIT,SEASHELLS,4992,1
287,43100,Remy,SUBMISSION,AMETHYSTS,SEASHELLS,10001,2
288,43100,SUBMISSION,Amelia,STARFRUIT,SEASHELLS,4991,4
289,43100,Remy,SUBMISSION,STARFRUIT,SEASHELLS,4993,2
290,43100,Valentina,Amelia,STARFRUIT,SEASHELLS,4989,10
291,43400,Remy,Valentina,AMETHYSTS,SEASHELLS,10002,1
292,43500,SUBMISSION,Remy,STARFRUIT,SEASHELLS,4992,1
293,43700,SUBMISSION,Remy,AMETHYSTS,SEASHELLS,9999,1
294,43800,,SUBMISSION,AMETHYSTS,SEASHELLS,10002,1
295,43900,Remy,SUBMISSION,AMETHYSTS,SEASHELLS,10001,2
296,43900,SUBMISSION,Remy,STARFRUIT,SEASHELLS,4992,1
297,43900,Remy,SUBMISSION,STARFRUIT,SEASHELLS,4994,2
298,44000,SUBMISSION,,AMETHYSTS,SEASHELLS,9998,1
299,44000,SUBMISSION,Remy,AMETHYSTS,SEASHELLS,9998,1
300,44700,Remy,Valentina,STARFRUIT,SEASHELLS,4995,1
301,44800,SUBMISSION,Amelia,AMETHYSTS,SEASHELLS,9999,1
302,45000,,SUBMISSION,AMETHYSTS,SEASHELLS,10002,2
303,45000,SUBMISSION,,STARFRUIT,SEASHELLS,4989,1
304,45100,SUBMISSION,Remy,AMETHYSTS,SEASHELLS,9999,1
305,45100,SUBMISSION,Remy,STARFRUIT,SEASHELLS,4990,1
306,45800,SUBMISSION,Amelia,AMETHYSTS,SEASHELLS,9999,1
307,45800,SUBMISSION,Amelia,AMETHYSTS,SEASHELLS,9999,8
308,45800,Valentina,Amelia,AMETHYSTS,SEASHELLS,9996,2
309,46200,SUBMISSION,Remy,AMETHYSTS,SEASHELLS,10001,1
310,46300,SUBMISSION,Remy,AMETHYSTS,SEASHELLS,9998,1
311,46300,SUBMISSION,Remy,STARFRUIT,SEASHELLS,4988,1
312,46800,SUBMISSION,Remy,AMETHYSTS,SEASHELLS,9997,1
313,46800,SUBMISSION,Remy,STARFRUIT,SEASHELLS,4987,1
314,46800,SUBMISSION,Remy,STARFRUIT,SEASHELLS,4987,2
315,47200,Remy,Valentina,STARFRUIT,SEASHELLS,4992,1
316,47300,SUBMISSION,Ruby,STARFRUIT,SEASHELLS,4989,2
317,47400,SUBMISSION,,STARFRUIT,SEASHELLS,4988,1
318,47500,,SUBMISSION,STARFRUIT,SEASHELLS,4993,1
319,47600,,SUBMISSION,STARFRUIT,SEASHELLS,4992,8
320,47700,SUBMISSION,Remy,STARFRUIT,SEASHELLS,4989,1
321,48300,SUBMISSION,Remy,AMETHYSTS,SEASHELLS,9999,1
322,48300,SUBMISSION,Remy,STARFRUIT,SEASHELLS,4990,1
323,48600,Remy,SUBMISSION,AMETHYSTS,SEASHELLS,10001,1
324,48600,SUBMISSION,Remy,STARFRUIT,SEASHELLS,4990,1
325,48600,Remy,SUBMISSION,STARFRUIT,SEASHELLS,4992,1
326,48700,SUBMISSION,,STARFRUIT,SEASHELLS,4989,1
327,48900,SUBMISSION,Remy,STARFRUIT,SEASHELLS,4990,1
328,49300,Remy,SUBMISSION,AMETHYSTS,SEASHELLS,10001,1
329,49300,Remy,SUBMISSION,STARFRUIT,SEASHELLS,4991,1
330,49400,,SUBMISSION,AMETHYSTS,SEASHELLS,10002,1
331,49400,SUBMISSION,,STARFRUIT,SEASHELLS,4988,1
332,49700,SUBMISSION,Remy,AMETHYSTS,SEASHELLS,9999,2
333,49700,SUBMISSION,Remy,STARFRUIT,SEASHELLS,4989,2
334,49900,SUBMISSION,Remy,STARFRUIT,SEASHELLS,4988,1
335,50000,SUBMISSION,Ruby,STARFRUIT,SEASHELLS,4987,5
336,50200,SUBMISSION,Remy,AMETHYSTS,SEASHELLS,9999,1
337,50200,SUBMISSION,Remy,STARFRUIT,SEASHELLS,4987,1
338,50300,SUBMISSION,Remy,STARFRUIT,SEASHELLS,4988,1
339,50400,SUBMISSION,Remy,AMETHYSTS,SEASHELLS,9999,2
340,50400,SUBMISSION,Remy,STARFRUIT,SEASHELLS,4987,2
341,50900,SUBMISSION,Ruby,AMETHYSTS,SEASHELLS,9998,2
342,51000,Valentina,SUBMISSION,AMETHYSTS,SEASHELLS,9998,1
343,51000,SUBMISSION,Remy,STARFRUIT,SEASHELLS,4988,1
344,51300,,SUBMISSION,STARFRUIT,SEASHELLS,4990,1
345,51300,Remy,SUBMISSION,STARFRUIT,SEASHELLS,4990,1
346,51600,Remy,SUBMISSION,AMETHYSTS,SEASHELLS,10000,1
347,51600,Remy,SUBMISSION,STARFRUIT,SEASHELLS,4989,1
348,51900,,SUBMISSION,AMETHYSTS,SEASHELLS,10002,10
349,51900,Adam,SUBMISSION,AMETHYSTS,SEASHELLS,10002,2
350,52000,SUBMISSION,,AMETHYSTS,SEASHELLS,9998,2
351,52000,SUBMISSION,Rhianna,AMETHYSTS,SEASHELLS,9998,2
352,52100,,SUBMISSION,STARFRUIT,SEASHELLS,4990,2
353,52200,SUBMISSION,Remy,STARFRUIT,SEASHELLS,4987,1
354,52300,SUBMISSION,Remy,STARFRUIT,SEASHELLS,4988,1
355,52700,,SUBMISSION,AMETHYSTS,SEASHELLS,10002,3
356,52700,Rhianna,SUBMISSION,AMETHYSTS,SEASHELLS,10002,3
357,53000,SUBMISSION,Remy,AMETHYSTS,SEASHELLS,9999,1
358,53200,,SUBMISSION,AMETHYSTS,SEASHELLS,10002,1
359,53200,Remy,SUBMISSION,AMETHYSTS,SEASHELLS,10002,1
360,53300,Valentina,SUBMISSION,AMETHYSTS,SEASHELLS,9998,2
361,53500,,SUBMISSION,STARFRUIT,SEASHELLS,4990,1
362,53600,SUBMISSION,Remy,AMETHYSTS,SEASHELLS,9999,1
363,53600,SUBMISSION,Remy,STARFRUIT,SEASHELLS,4987,1
364,53700,Remy,SUBMISSION,AMETHYSTS,SEASHELLS,10001,2
365,53700,Remy,SUBMISSION,STARFRUIT,SEASHELLS,4989,2
366,53900,Remy,SUBMISSION,AMETHYSTS,SEASHELLS,10000,1
367,54200,SUBMISSION,,AMETHYSTS,SEASHELLS,9998,1
368,54300,SUBMISSION,,AMETHYSTS,SEASHELLS,9998,1
369,54300,SUBMISSION,Remy,AMETHYSTS,SEASHELLS,9998,1
370,54300,SUBMISSION,Ruby,STARFRUIT,SEASHELLS,4988,8
371,54300,Valentina,Ruby,STARFRUIT,SEASHELLS,4986,3
372,54500,SUBMISSION,,AMETHYSTS,SEASHELLS,9998,1
373,54600,SUBMISSION,Ruby,AMETHYSTS,SEASHELLS,9999,1
374,54600,SUBMISSION,Ruby,AMETHYSTS,SEASHELLS,9999,5
375,54600,Valentina,Remy,STARFRUIT,SEASHELLS,4986,1
376,54700,,SUBMISSION,STARFRUIT,SEASHELLS,4990,1
377,54700,Remy,SUBMISSION,STARFRUIT,SEASHELLS,4990,1
378,54900,Rhianna,SUBMISSION,AMETHYSTS,SEASHELLS,10000,3
379,55200,Remy,SUBMISSION,STARFRUIT,SEASHELLS,4988,1
380,56100,Remy,SUBMISSION,AMETHYSTS,SEASHELLS,10001,1
381,56100,Amelia,SUBMISSION,STARFRUIT,SEASHELLS,4987,6
382,56100,Amelia,Valentina,STARFRUIT,SEASHELLS,4990,8
383,56100,Remy,Valentina,STARFRUIT,SEASHELLS,4990,1
384,56300,SUBMISSION,Remy,STARFRUIT,SEASHELLS,4984,1
385,56500,SUBMISSION,Remy,AMETHYSTS,SEASHELLS,9999,1
386,56500,SUBMISSION,Remy,STARFRUIT,SEASHELLS,4984,1
387,56700,,SUBMISSION,AMETHYSTS,SEASHELLS,10002,1
388,56700,Remy,SUBMISSION,AMETHYSTS,SEASHELLS,10002,1
389,57000,Remy,SUBMISSION,AMETHYSTS,SEASHELLS,10001,1
390,57000,Remy,SUBMISSION,STARFRUIT,SEASHELLS,4987,1
391,57100,Remy,Valentina,AMETHYSTS,SEASHELLS,10002,1
392,57100,Valentina,Rhianna,STARFRUIT,SEASHELLS,4985,3
393,57200,Valentina,Rhianna,STARFRUIT,SEASHELLS,4985,4
394,57200,Remy,Valentina,AMETHYSTS,SEASHELLS,10002,1
395,57300,Remy,Valentina,AMETHYSTS,SEASHELLS,10002,1
396,57400,,SUBMISSION,STARFRUIT,SEASHELLS,4990,1
397,57400,Remy,SUBMISSION,STARFRUIT,SEASHELLS,4990,1
398,57700,SUBMISSION,Remy,STARFRUIT,SEASHELLS,4987,2
399,57700,Rhianna,Remy,AMETHYSTS,SEASHELLS,10002,2
400,57800,SUBMISSION,Remy,STARFRUIT,SEASHELLS,4986,1
401,58000,,SUBMISSION,STARFRUIT,SEASHELLS,4989,1
402,58300,Remy,SUBMISSION,STARFRUIT,SEASHELLS,4987,1
403,58400,SUBMISSION,Ruby,AMETHYSTS,SEASHELLS,9999,1
404,58600,Valentina,SUBMISSION,AMETHYSTS,SEASHELLS,9998,1
405,58800,SUBMISSION,Ruby,STARFRUIT,SEASHELLS,4984,5
406,58800,SUBMISSION,Remy,STARFRUIT,SEASHELLS,4984,1
407,59000,Ruby,SUBMISSION,STARFRUIT,SEASHELLS,4988,6
408,59000,Ruby,Valentina,STARFRUIT,SEASHELLS,4991,4
409,59300,SUBMISSION,,AMETHYSTS,SEASHELLS,9998,1
410,59400,,SUBMISSION,AMETHYSTS,SEASHELLS,10002,1
411,59500,Ruby,SUBMISSION,AMETHYSTS,SEASHELLS,10001,4
412,59700,Adam,Vladimir,AMETHYSTS,SEASHELLS,10002,6
413,59800,Valentina,SUBMISSION,STARFRUIT,SEASHELLS,4985,5
414,59900,SUBMISSION,Remy,STARFRUIT,SEASHELLS,4985,1
415,60000,Remy,Valentina,STARFRUIT,SEASHELLS,4987,1
416,60100,SUBMISSION,,AMETHYSTS,SEASHELLS,9998,1
417,60200,SUBMISSION,Remy,AMETHYSTS,SEASHELLS,9999,1
418,60200,SUBMISSION,Remy,AMETHYSTS,SEASHELLS,9999,1
419,60200,SUBMISSION,Remy,STARFRUIT,SEASHELLS,4984,1
420,60200,SUBMISSION,Remy,STARFRUIT,SEASHELLS,4984,1
421,60300,SUBMISSION,Amelia,AMETHYSTS,SEASHELLS,9999,6
422,60300,SUBMISSION,Amelia,AMETHYSTS,SEASHELLS,9999,2
423,60400,SUBMISSION,Rhianna,AMETHYSTS,SEASHELLS,9999,1
424,60500,SUBMISSION,,STARFRUIT,SEASHELLS,4985,3
425,60500,SUBMISSION,Rhianna,STARFRUIT,SEASHELLS,4985,3
426,60500,Valentina,Remy,AMETHYSTS,SEASHELLS,9998,1
427,60600,Valentina,Remy,STARFRUIT,SEASHELLS,4984,1
428,61100,,SUBMISSION,AMETHYSTS,SEASHELLS,10002,1
429,61100,Remy,SUBMISSION,AMETHYSTS,SEASHELLS,10002,1
430,61100,Remy,SUBMISSION,AMETHYSTS,SEASHELLS,10002,2
431,61100,Remy,SUBMISSION,STARFRUIT,SEASHELLS,4988,2
432,61100,Rhianna,Valentina,STARFRUIT,SEASHELLS,4987,5
433,61300,Remy,SUBMISSION,STARFRUIT,SEASHELLS,4986,1
434,61400,,SUBMISSION,AMETHYSTS,SEASHELLS,10002,5
435,61800,,SUBMISSION,STARFRUIT,SEASHELLS,4986,5
436,62300,Remy,SUBMISSION,AMETHYSTS,SEASHELLS,10001,1
437,62300,Remy,SUBMISSION,STARFRUIT,SEASHELLS,4986,1
438,62600,SUBMISSION,Remy,STARFRUIT,SEASHELLS,4986,1
439,62900,Ruby,SUBMISSION,STARFRUIT,SEASHELLS,4987,6
440,62900,Ruby,SUBMISSION,STARFRUIT,SEASHELLS,4987,1
441,63000,SUBMISSION,,STARFRUIT,SEASHELLS,4984,9
442,63000,SUBMISSION,Adam,STARFRUIT,SEASHELLS,4984,1
443,63000,Valentina,SUBMISSION,STARFRUIT,SEASHELLS,4985,5
444,63000,Valentina,Vinnie,STARFRUIT,SEASHELLS,4986,1
445,63000,Valentina,Adam,STARFRUIT,SEASHELLS,4984,9
446,63200,SUBMISSION,Remy,AMETHYSTS,SEASHELLS,9999,1
447,63200,SUBMISSION,Remy,STARFRUIT,SEASHELLS,4985,1
448,63300,SUBMISSION,,AMETHYSTS,SEASHELLS,9998,1
449,63300,SUBMISSION,Remy,AMETHYSTS,SEASHELLS,9998,1
450,63300,Remy,SUBMISSION,STARFRUIT,SEASHELLS,4988,2
451,63500,SUBMISSION,,AMETHYSTS,SEASHELLS,9998,6
452,63500,SUBMISSION,Adam,AMETHYSTS,SEASHELLS,9998,4
453,63500,Valentina,Adam,AMETHYSTS,SEASHELLS,9998,2
454,63700,Vinnie,Ruby,AMETHYSTS,SEASHELLS,9996,1
455,63800,SUBMISSION,Ruby,STARFRUIT,SEASHELLS,4984,1
456,64200,SUBMISSION,Remy,AMETHYSTS,SEASHELLS,9999,2
457,64200,SUBMISSION,Remy,STARFRUIT,SEASHELLS,4984,2
458,64500,Remy,SUBMISSION,AMETHYSTS,SEASHELLS,10001,2
459,64500,Remy,SUBMISSION,AMETHYSTS,SEASHELLS,10001,1
460,64500,Remy,SUBMISSION,STARFRUIT,SEASHELLS,4986,2
461,64600,,SUBMISSION,AMETHYSTS,SEASHELLS,10002,1
462,64600,Remy,SUBMISSION,STARFRUIT,SEASHELLS,4986,1
463,64800,,SUBMISSION,AMETHYSTS,SEASHELLS,10002,1
464,64900,Ruby,SUBMISSION,AMETHYSTS,SEASHELLS,10003,2
465,65300,SUBMISSION,Remy,AMETHYSTS,SEASHELLS,10000,1
466,65300,SUBMISSION,Ruby,AMETHYSTS,SEASHELLS,10000,2
467,65400,,SUBMISSION,AMETHYSTS,SEASHELLS,10002,1
468,65400,SUBMISSION,Remy,STARFRUIT,SEASHELLS,4985,1
469,65500,Valentina,Remy,AMETHYSTS,SEASHELLS,9998,1
470,65600,SUBMISSION,Remy,AMETHYSTS,SEASHELLS,9999,1
471,65600,SUBMISSION,Remy,STARFRUIT,SEASHELLS,4984,1
472,65800,SUBMISSION,Remy,AMETHYSTS,SEASHELLS,9999,1
473,65800,SUBMISSION,Remy,STARFRUIT,SEASHELLS,4984,1
474,65900,Valentina,Remy,AMETHYSTS,SEASHELLS,9998,1
475,66000,SUBMISSION,Remy,AMETHYSTS,SEASHELLS,9999,1
476,66200,SUBMISSION,,STARFRUIT,SEASHELLS,4983,8
477,66200,SUBMISSION,Adam,STARFRUIT,SEASHELLS,4983,2
478,66200,SUBMISSION,Adam,STARFRUIT,SEASHELLS,4983,6
479,66700,Valentina,Rhianna,AMETHYSTS,SEASHELLS,9998,2
480,67000,SUBMISSION,Remy,STARFRUIT,SEASHELLS,4986,1
481,67200,,SUBMISSION,STARFRUIT,SEASHELLS,4989,1
482,67200,Remy,SUBMISSION,STARFRUIT,SEASHELLS,4989,1
483,67400,SUBMISSION,Remy,AMETHYSTS,SEASHELLS,9999,1
484,67400,SUBMISSION,Remy,STARFRUIT,SEASHELLS,4985,2
485,67700,,SUBMISSION,STARFRUIT,SEASHELLS,4988,4
486,67700,Rhianna,SUBMISSION,STARFRUIT,SEASHELLS,4988,4
487,67900,SUBMISSION,Remy,AMETHYSTS,SEASHELLS,9999,2
488,67900,SUBMISSION,Remy,STARFRUIT,SEASHELLS,4985,2
489,68000,,SUBMISSION,AMETHYSTS,SEASHELLS,10002,5
490,68000,Rhianna,SUBMISSION,AMETHYSTS,SEASHELLS,10002,5
491,68000,Ruby,SUBMISSION,AMETHYSTS,SEASHELLS,10002,3
492,68000,SUBMISSION,Remy,STARFRUIT,SEASHELLS,4986,1
493,68100,Rhianna,SUBMISSION,AMETHYSTS,SEASHELLS,10000,1
494,68200,,SUBMISSION,STARFRUIT,SEASHELLS,4989,1
495,68200,Remy,SUBMISSION,STARFRUIT,SEASHELLS,4989,1
496,68500,Remy,Valentina,AMETHYSTS,SEASHELLS,10002,1
497,68600,Remy,Rhianna,STARFRUIT,SEASHELLS,4985,1
498,68900,,SUBMISSION,STARFRUIT,SEASHELLS,4990,1
499,68900,Remy,SUBMISSION,STARFRUIT,SEASHELLS,4990,1
500,68900,Rhianna,Valentina,AMETHYSTS,SEASHELLS,10002,1
501,69000,SUBMISSION,Amelia,STARFRUIT,SEASHELLS,4986,7
502,69000,Valentina,Amelia,STARFRUIT,SEASHELLS,4984,2
503,69300,Remy,SUBMISSION,AMETHYSTS,SEASHELLS,10001,2
504,69300,,SUBMISSION,STARFRUIT,SEASHELLS,4990,8
505,69300,Remy,SUBMISSION,STARFRUIT,SEASHELLS,4990,2
506,69400,,SUBMISSION,STARFRUIT,SEASHELLS,4991,1
507,69400,Remy,SUBMISSION,STARFRUIT,SEASHELLS,4991,1
508,69600,SUBMISSION,Amelia,STARFRUIT,SEASHELLS,4987,1
509,69600,SUBMISSION,Amelia,STARFRUIT,SEASHELLS,4987,8
510,69800,,SUBMISSION,STARFRUIT,SEASHELLS,4990,1
511,70400,Vinnie,Adam,STARFRUIT,SEASHELLS,4985,1
512,70400,Valentina,Adam,STARFRUIT,SEASHELLS,4985,7
513,70400,Vinnie,Remy,STARFRUIT,SEASHELLS,4985,1
514,71000,SUBMISSION,,AMETHYSTS,SEASHELLS,9998,1
515,71400,SUBMISSION,Remy,STARFRUIT,SEASHELLS,4986,1
516,71600,SUBMISSION,Amelia,AMETHYSTS,SEASHELLS,9999,8
517,71600,Valentina,Amelia,AMETHYSTS,SEASHELLS,9995,2
518,71800,,SUBMISSION,STARFRUIT,SEASHELLS,4989,1
519,72000,,SUBMISSION,AMETHYSTS,SEASHELLS,10002,2
520,72100,,SUBMISSION,STARFRUIT,SEASHELLS,4988,9
521,72100,Adam,SUBMISSION,STARFRUIT,SEASHELLS,4988,1
522,72100,Adam,Valentina,STARFRUIT,SEASHELLS,4988,8
523,72600,Remy,SUBMISSION,STARFRUIT,SEASHELLS,4988,1
524,73900,SUBMISSION,Remy,STARFRUIT,SEASHELLS,4984,1
525,74100,,SUBMISSION,AMETHYSTS,SEASHELLS,10002,1
526,74100,Remy,SUBMISSION,AMETHYSTS,SEASHELLS,10002,1
527,74200,,SUBMISSION,STARFRUIT,SEASHELLS,4986,1
528,74400,Remy,SUBMISSION,AMETHYSTS,SEASHELLS,10002,1
529,74400,Remy,SUBMISSION,STARFRUIT,SEASHELLS,4986,1
530,74900,,SUBMISSION,AMETHYSTS,SEASHELLS,10002,1
531,74900,Remy,SUBMISSION,AMETHYSTS,SEASHELLS,10002,1
532,75000,SUBMISSION,Amelia,STARFRUIT,SEASHELLS,4983,8
533,75000,Valentina,Amelia,STARFRUIT,SEASHELLS,4981,1
534,75000,Valentina,Ruby,STARFRUIT,SEASHELLS,4981,10
535,75200,SUBMISSION,Remy,AMETHYSTS,SEASHELLS,9999,1
536,75200,SUBMISSION,Remy,STARFRUIT,SEASHELLS,4984,1
537,75500,SUBMISSION,Remy,STARFRUIT,SEASHELLS,4984,1
538,75700,,SUBMISSION,AMETHYSTS,SEASHELLS,10002,3
539,76400,Remy,SUBMISSION,AMETHYSTS,SEASHELLS,9999,1
540,76400,SUBMISSION,Remy,STARFRUIT,SEASHELLS,4985,1
541,76400,Amelia,SUBMISSION,STARFRUIT,SEASHELLS,4987,3
542,77400,Valentina,SUBMISSION,STARFRUIT,SEASHELLS,4987,6
543,77700,SUBMISSION,Rhianna,AMETHYSTS,SEASHELLS,9999,5
544,77800,SUBMISSION,,STARFRUIT,SEASHELLS,4985,4
545,77800,SUBMISSION,Rhianna,STARFRUIT,SEASHELLS,4985,4
546,77800,SUBMISSION,Rhianna,STARFRUIT,SEASHELLS,4985,1
547,78000,,SUBMISSION,AMETHYSTS,SEASHELLS,10002,2
548,78000,Rhianna,SUBMISSION,AMETHYSTS,SEASHELLS,10002,2
549,78100,,SUBMISSION,STARFRUIT,SEASHELLS,4989,1
550,78100,Remy,SUBMISSION,STARFRUIT,SEASHELLS,4989,1
551,78200,SUBMISSION,,AMETHYSTS,SEASHELLS,9998,1
552,78300,SUBMISSION,Remy,AMETHYSTS,SEASHELLS,9999,2
553,78300,SUBMISSION,Remy,STARFRUIT,SEASHELLS,4986,2
554,78500,,SUBMISSION,AMETHYSTS,SEASHELLS,10002,2
555,78800,SUBMISSION,Remy,STARFRUIT,SEASHELLS,4985,1
556,79000,Remy,SUBMISSION,AMETHYSTS,SEASHELLS,10001,2
557,79000,Amelia,SUBMISSION,AMETHYSTS,SEASHELLS,10001,1
558,79000,Remy,SUBMISSION,STARFRUIT,SEASHELLS,4987,1
559,79500,Remy,Valentina,AMETHYSTS,SEASHELLS,10002,1
560,79800,Valentina,Rhianna,STARFRUIT,SEASHELLS,4983,4
561,80100,,SUBMISSION,STARFRUIT,SEASHELLS,4986,1
562,80100,Remy,SUBMISSION,STARFRUIT,SEASHELLS,4986,1
563,80300,Remy,Valentina,AMETHYSTS,SEASHELLS,10002,1
564,80500,SUBMISSION,Remy,STARFRUIT,SEASHELLS,4983,1
565,80800,Remy,SUBMISSION,AMETHYSTS,SEASHELLS,10000,1
566,81300,Valentina,SUBMISSION,AMETHYSTS,SEASHELLS,9998,1
567,81300,,SUBMISSION,STARFRUIT,SEASHELLS,4986,1
568,81300,Remy,SUBMISSION,STARFRUIT,SEASHELLS,4986,1
569,81700,Remy,SUBMISSION,AMETHYSTS,SEASHELLS,10000,1
570,81800,SUBMISSION,Remy,AMETHYSTS,SEASHELLS,9999,1
571,81800,SUBMISSION,Remy,STARFRUIT,SEASHELLS,4983,1
572,81900,Valentina,SUBMISSION,STARFRUIT,SEASHELLS,4984,4
573,82100,SUBMISSION,Remy,STARFRUIT,SEASHELLS,4983,1
574,82200,,SUBMISSION,STARFRUIT,SEASHELLS,4987,1
575,82300,Amelia,SUBMISSION,AMETHYSTS,SEASHELLS,10001,1
576,82400,Valentina,Rhianna,STARFRUIT,SEASHELLS,4983,4
577,82600,SUBMISSION,Remy,STARFRUIT,SEASHELLS,4983,1
578,83200,SUBMISSION,Remy,AMETHYSTS,SEASHELLS,9999,1
579,83200,SUBMISSION,Remy,AMETHYSTS,SEASHELLS,9999,1
580,83200,SUBMISSION,Remy,STARFRUIT,SEASHELLS,4984,2
581,83300,SUBMISSION,Amelia,STARFRUIT,SEASHELLS,4984,7
582,83300,Valentina,Amelia,STARFRUIT,SEASHELLS,4982,8
583,83400,,SUBMISSION,STARFRUIT,SEASHELLS,4987,3
584,83400,Rhianna,SUBMISSION,STARFRUIT,SEASHELLS,4987,3
585,83700,Ruby,SUBMISSION,AMETHYSTS,SEASHELLS,10001,1
586,83900,,SUBMISSION,STARFRUIT,SEASHELLS,4988,1
587,84000,Ruby,SUBMISSION,STARFRUIT,SEASHELLS,4986,4
588,84200,,SUBMISSION,STARFRUIT,SEASHELLS,4987,1
589,84200,Remy,SUBMISSION,STARFRUIT,SEASHELLS,4987,1
590,84600,Remy,SUBMISSION,AMETHYSTS,SEASHELLS,10001,2
591,84600,Remy,SUBMISSION,STARFRUIT,SEASHELLS,4987,2
592,84700,Remy,Valentina,STARFRUIT,SEASHELLS,4988,1
593,84800,Ruby,SUBMISSION,STARFRUIT,SEASHELLS,4987,1
594,85000,SUBMISSION,,AMETHYSTS,SEASHELLS,9998,5
595,85000,SUBMISSION,Rhianna,AMETHYSTS,SEASHELLS,9998,5
596,85700,SUBMISSION,Remy,AMETHYSTS,SEASHELLS,9999,2
597,85700,Ruby,SUBMISSION,AMETHYSTS,SEASHELLS,10001,4
598,85700,SUBMISSION,Remy,STARFRUIT,SEASHELLS,4984,2
599,85900,SUBMISSION,Ruby,AMETHYSTS,SEASHELLS,9999,2
600,85900,SUBMISSION,Remy,STARFRUIT,SEASHELLS,4984,1
601,86000,Remy,SUBMISSION,AMETHYSTS,SEASHELLS,10000,1
602,86000,SUBMISSION,Remy,STARFRUIT,SEASHELLS,4985,1
603,86000,Remy,SUBMISSION,STARFRUIT,SEASHELLS,4987,1
604,86300,SUBMISSION,,AMETHYSTS,SEASHELLS,9998,1
605,86300,SUBMISSION,Remy,AMETHYSTS,SEASHELLS,9998,1
606,86300,SUBMISSION,,STARFRUIT,SEASHELLS,4983,1
607,86300,SUBMISSION,Remy,STARFRUIT,SEASHELLS,4983,1
608,86500,,SUBMISSION,AMETHYSTS,SEASHELLS,10002,1
609,86500,Remy,SUBMISSION,AMETHYSTS,SEASHELLS,10002,1
610,87200,SUBMISSION,Remy,STARFRUIT,SEASHELLS,4984,1
611,87900,,SUBMISSION,AMETHYSTS,SEASHELLS,10002,4
612,87900,Rhianna,SUBMISSION,AMETHYSTS,SEASHELLS,10002,4
613,87900,,SUBMISSION,STARFRUIT,SEASHELLS,4987,10
614,87900,Adam,Valentina,STARFRUIT,SEASHELLS,4987,10
615,88300,Ruby,SUBMISSION,AMETHYSTS,SEASHELLS,10003,2
616,88500,SUBMISSION,Ruby,STARFRUIT,SEASHELLS,4987,6
617,88500,Rhianna,Valentina,AMETHYSTS,SEASHELLS,10002,5
618,88500,Valentina,Ruby,STARFRUIT,SEASHELLS,4985,4
619,88600,SUBMISSION,,AMETHYSTS,SEASHELLS,9998,1
620,88600,SUBMISSION,Remy,AMETHYSTS,SEASHELLS,9998,1
621,88600,SUBMISSION,,STARFRUIT,SEASHELLS,4986,4
622,88600,SUBMISSION,Rhianna,STARFRUIT,SEASHELLS,4986,4
623,88800,Valentina,SUBMISSION,STARFRUIT,SEASHELLS,4986,4
624,88800,Valentina,SUBMISSION,STARFRUIT,SEASHELLS,4986,3
625,88800,Valentina,Rhianna,STARFRUIT,SEASHELLS,4986,2
626,88900,,SUBMISSION,STARFRUIT,SEASHELLS,4989,1
627,88900,Remy,SUBMISSION,STARFRUIT,SEASHELLS,4989,1
628,89100,SUBMISSION,,STARFRUIT,SEASHELLS,4985,2
629,89100,SUBMISSION,Rhianna,STARFRUIT,SEASHELLS,4985,1
630,89100,SUBMISSION,Rhianna,STARFRUIT,SEASHELLS,4985,2
631,89400,,SUBMISSION,STARFRUIT,SEASHELLS,4989,1
632,89400,Remy,SUBMISSION,STARFRUIT,SEASHELLS,4989,1
633,89400,Rhianna,SUBMISSION,STARFRUIT,SEASHELLS,4989,3
634,90000,SUBMISSION,Remy,STARFRUIT,SEASHELLS,4986,1
635,90100,Remy,SUBMISSION,AMETHYSTS,SEASHELLS,10001,1
636,90100,Remy,SUBMISSION,STARFRUIT,SEASHELLS,4987,1
637,90200,SUBMISSION,Ruby,STARFRUIT,SEASHELLS,4984,4
638,90400,SUBMISSION,,STARFRUIT,SEASHELLS,4984,5
639,90600,,SUBMISSION,STARFRUIT,SEASHELLS,4989,1
640,90700,Ruby,SUBMISSION,AMETHYSTS,SEASHELLS,10000,5
641,90700,Ruby,Vladimir,AMETHYSTS,SEASHELLS,10002,1
642,90800,Ruby,SUBMISSION,STARFRUIT,SEASHELLS,4987,3
643,91000,SUBMISSION,,AMETHYSTS,SEASHELLS,9998,1
644,91000,SUBMISSION,Remy,AMETHYSTS,SEASHELLS,9998,1
645,91000,SUBMISSION,Remy,STARFRUIT,SEASHELLS,4986,1
646,91400,Remy,Valentina,AMETHYSTS,SEASHELLS,10002,1
647,91500,SUBMISSION,,AMETHYSTS,SEASHELLS,9998,1
648,91500,,SUBMISSION,STARFRUIT,SEASHELLS,4990,4
649,91500,Rhianna,SUBMISSION,STARFRUIT,SEASHELLS,4990,1
650,91900,SUBMISSION,Remy,STARFRUIT,SEASHELLS,4988,1
651,91900,Remy,Valentina,AMETHYSTS,SEASHELLS,10002,1
652,92300,SUBMISSION,Remy,AMETHYSTS,SEASHELLS,9998,1
653,92300,SUBMISSION,Remy,STARFRUIT,SEASHELLS,4988,1
654,92400,Rhianna,SUBMISSION,STARFRUIT,SEASHELLS,4990,2
655,92500,SUBMISSION,Remy,STARFRUIT,SEASHELLS,4988,1
656,92600,SUBMISSION,,STARFRUIT,SEASHELLS,4987,1
657,92800,SUBMISSION,,AMETHYSTS,SEASHELLS,9998,5
658,93000,Remy,Amelia,AMETHYSTS,SEASHELLS,10002,1
659,93100,SUBMISSION,,AMETHYSTS,SEASHELLS,9998,1
660,93100,SUBMISSION,Rhianna,AMETHYSTS,SEASHELLS,9998,1
661,93100,,SUBMISSION,STARFRUIT,SEASHELLS,4990,2
662,93100,Rhianna,SUBMISSION,STARFRUIT,SEASHELLS,4990,2
663,93100,Rhianna,SUBMISSION,STARFRUIT,SEASHELLS,4990,2
664,93300,SUBMISSION,Remy,AMETHYSTS,SEASHELLS,9999,1
665,93300,SUBMISSION,Remy,STARFRUIT,SEASHELLS,4987,1
666,93500,SUBMISSION,,AMETHYSTS,SEASHELLS,9998,1
667,93500,SUBMISSION,Remy,AMETHYSTS,SEASHELLS,9998,1
668,93700,Remy,SUBMISSION,AMETHYSTS,SEASHELLS,10000,1
669,93900,SUBMISSION,,AMETHYSTS,SEASHELLS,9998,1
670,93900,SUBMISSION,Remy,AMETHYSTS,SEASHELLS,9998,1
671,94300,SUBMISSION,Remy,STARFRUIT,SEASHELLS,4987,1
672,94400,SUBMISSION,,STARFRUIT,SEASHELLS,4986,1
673,94500,SUBMISSION,,AMETHYSTS,SEASHELLS,9998,1
674,94500,SUBMISSION,,STARFRUIT,SEASHELLS,4986,1
675,94700,SUBMISSION,Amelia,AMETHYSTS,SEASHELLS,9999,9
676,94700,Vinnie,Amelia,AMETHYSTS,SEASHELLS,9996,2
677,94800,Rhianna,SUBMISSION,AMETHYSTS,SEASHELLS,10000,4
678,95100,SUBMISSION,Remy,AMETHYSTS,SEASHELLS,9999,2
679,95100,SUBMISSION,Remy,STARFRUIT,SEASHELLS,4987,2
680,95300,,SUBMISSION,AMETHYSTS,SEASHELLS,10002,1
681,95300,Remy,SUBMISSION,AMETHYSTS,SEASHELLS,10002,1
682,95300,SUBMISSION,Remy,STARFRUIT,SEASHELLS,4988,1
683,95600,Remy,Valentina,STARFRUIT,SEASHELLS,4991,1
684,95800,SUBMISSION,Remy,STARFRUIT,SEASHELLS,4988,1
685,95900,Ruby,SUBMISSION,AMETHYSTS,SEASHELLS,10000,3
686,95900,Ruby,SUBMISSION,AMETHYSTS,SEASHELLS,10000,4
687,95900,Remy,SUBMISSION,STARFRUIT,SEASHELLS,4989,1
688,95900,Ruby,Vladimir,AMETHYSTS,SEASHELLS,10002,1
689,96100,SUBMISSION,Remy,AMETHYSTS,SEASHELLS,9999,1
690,96100,SUBMISSION,Remy,STARFRUIT,SEASHELLS,4988,1
691,96200,SUBMISSION,Remy,STARFRUIT,SEASHELLS,4988,1
692,96400,SUBMISSION,Ruby,STARFRUIT,SEASHELLS,4988,8
693,96400,Valentina,Ruby,STARFRUIT,SEASHELLS,4986,1
694,96400,Rhianna,Valentina,AMETHYSTS,SEASHELLS,10002,3
695,96500,Ruby,SUBMISSION,STARFRUIT,SEASHELLS,4990,4
696,96500,Ruby,Valentina,STARFRUIT,SEASHELLS,4993,2
697,96800,,SUBMISSION,STARFRUIT,SEASHELLS,4991,1
698,96800,Remy,SUBMISSION,STARFRUIT,SEASHELLS,4991,1
699,96900,Ruby,SUBMISSION,AMETHYSTS,SEASHELLS,10001,3
700,97000,Valentina,Rhianna,STARFRUIT,SEASHELLS,4987,2
701,97200,Amelia,SUBMISSION,AMETHYSTS,SEASHELLS,10001,8
702,97200,Amelia,Valentina,AMETHYSTS,SEASHELLS,10005,4
703,97300,Remy,SUBMISSION,AMETHYSTS,SEASHELLS,10001,1
704,97300,Remy,SUBMISSION,STARFRUIT,SEASHELLS,4990,1
705,97400,SUBMISSION,Remy,AMETHYSTS,SEASHELLS,9999,1
706,97600,SUBMISSION,,AMETHYSTS,SEASHELLS,9998,1
707,97600,SUBMISSION,Remy,AMETHYSTS,SEASHELLS,9998,1
708,97900,Rhianna,Valentina,AMETHYSTS,SEASHELLS,10002,4
709,98000,SUBMISSION,,AMETHYSTS,SEASHELLS,9998,10
710,98100,,SUBMISSION,AMETHYSTS,SEASHELLS,10002,1
711,98100,Remy,SUBMISSION,AMETHYSTS,SEASHELLS,10002,1
712,98100,,SUBMISSION,STARFRUIT,SEASHELLS,4993,1
713,98100,Remy,SUBMISSION,STARFRUIT,SEASHELLS,4993,1
714,98200,SUBMISSION,Remy,STARFRUIT,SEASHELLS,4990,1
715,98300,SUBMISSION,,AMETHYSTS,SEASHELLS,9998,1
716,98300,SUBMISSION,Remy,AMETHYSTS,SEASHELLS,9998,1
717,98300,Valentina,Rhianna,STARFRUIT,SEASHELLS,4989,4
718,98400,Valentina,Remy,STARFRUIT,SEASHELLS,4988,1
719,98500,,SUBMISSION,AMETHYSTS,SEASHELLS,10002,3
720,98500,,SUBMISSION,STARFRUIT,SEASHELLS,4992,5
721,98500,Adam,SUBMISSION,STARFRUIT,SEASHELLS,4992,3
722,98700,Ruby,SUBMISSION,STARFRUIT,SEASHELLS,4991,6
723,98800,SUBMISSION,Remy,AMETHYSTS,SEASHELLS,9999,1
724,98800,SUBMISSION,Remy,STARFRUIT,SEASHELLS,4989,1
725,98800,Ruby,SUBMISSION,STARFRUIT,SEASHELLS,4991,4
726,98800,Ruby,Valentina,STARFRUIT,SEASHELLS,4994,1
727,99000,SUBMISSION,,AMETHYSTS,SEASHELLS,9998,1
728,99000,SUBMISSION,Remy,AMETHYSTS,SEASHELLS,9998,1
729,99300,Valentina,SUBMISSION,STARFRUIT,SEASHELLS,4990,2
730,99400,Amelia,SUBMISSION,STARFRUIT,SEASHELLS,4992,2
731,99400,Amelia,Valentina,STARFRUIT,SEASHELLS,4995,6
732,99600,,SUBMISSION,AMETHYSTS,SEASHELLS,10002,7
733,100000,SUBMISSION,Ruby,STARFRUIT,SEASHELLS,4989,1
734,100000,Valentina,Ruby,STARFRUIT,SEASHELLS,4987,13
735,100100,SUBMISSION,,AMETHYSTS,SEASHELLS,9998,1
736,100100,SUBMISSION,Remy,AMETHYSTS,SEASHELLS,9998,1
737,100100,SUBMISSION,Remy,STARFRUIT,SEASHELLS,4989,1
738,100500,SUBMISSION,Remy,AMETHYSTS,SEASHELLS,9999,1
739,101300,SUBMISSION,,AMETHYSTS,SEASHELLS,9998,8
740,101400,SUBMISSION,Ruby,STARFRUIT,SEASHELLS,4988,2
741,102200,Remy,SUBMISSION,AMETHYSTS,SEASHELLS,10001,2
742,102200,Remy,SUBMISSION,STARFRUIT,SEASHELLS,4988,2
743,102300,,SUBMISSION,AMETHYSTS,SEASHELLS,10002,1
744,102300,Remy,SUBMISSION,AMETHYSTS,SEASHELLS,10002,1
745,102300,Rhianna,SUBMISSION,AMETHYSTS,SEASHELLS,10002,3
746,102400,SUBMISSION,,STARFRUIT,SEASHELLS,4985,1
747,102500,Remy,Valentina,STARFRUIT,SEASHELLS,4990,1
748,102500,Remy,Valentina,AMETHYSTS,SEASHELLS,10002,1
749,102700,SUBMISSION,,AMETHYSTS,SEASHELLS,9998,1
750,102900,SUBMISSION,,AMETHYSTS,SEASHELLS,9998,1
751,102900,SUBMISSION,Remy,AMETHYSTS,SEASHELLS,9998,1
752,103100,SUBMISSION,Remy,AMETHYSTS,SEASHELLS,9999,2
753,103100,SUBMISSION,Remy,STARFRUIT,SEASHELLS,4986,2
754,103300,Rhianna,Valentina,STARFRUIT,SEASHELLS,4988,2
755,103600,Remy,Ruby,STARFRUIT,SEASHELLS,4990,1
756,104000,Valentina,Remy,AMETHYSTS,SEASHELLS,9998,1
757,104100,SUBMISSION,Ruby,STARFRUIT,SEASHELLS,4983,3
758,104100,Valentina,Ruby,STARFRUIT,SEASHELLS,4983,4
759,104200,Remy,SUBMISSION,AMETHYSTS,SEASHELLS,9998,1
760,104200,Valentina,SUBMISSION,AMETHYSTS,SEASHELLS,9998,2
761,104300,Valentina,SUBMISSION,AMETHYSTS,SEASHELLS,9998,2
762,104400,SUBMISSION,,AMETHYSTS,SEASHELLS,9998,1
763,104400,SUBMISSION,Remy,AMETHYSTS,SEASHELLS,9998,1
764,104400,SUBMISSION,Remy,AMETHYSTS,SEASHELLS,9998,2
765,104400,Rhianna,Valentina,STARFRUIT,SEASHELLS,4989,3
766,104400,Rhianna,Remy,STARFRUIT,SEASHELLS,4989,2
767,104700,Remy,SUBMISSION,AMETHYSTS,SEASHELLS,10000,1
768,104700,SUBMISSION,Remy,STARFRUIT,SEASHELLS,4987,1
769,104800,SUBMISSION,,AMETHYSTS,SEASHELLS,9998,1
770,104800,SUBMISSION,Remy,STARFRUIT,SEASHELLS,4987,1
771,105100,,SUBMISSION,AMETHYSTS,SEASHELLS,10002,1
772,105100,Remy,SUBMISSION,AMETHYSTS,SEASHELLS,10002,1
773,105200,SUBMISSION,,STARFRUIT,SEASHELLS,4986,1
774,105200,SUBMISSION,Remy,STARFRUIT,SEASHELLS,4986,1
775,105900,Ruby,SUBMISSION,AMETHYSTS,SEASHELLS,10000,5
776,106100,Ruby,SUBMISSION,STARFRUIT,SEASHELLS,4988,7
777,106100,Ruby,Valentina,STARFRUIT,SEASHELLS,4991,1
778,106400,SUBMISSION,,AMETHYSTS,SEASHELLS,9998,1
779,106800,Remy,SUBMISSION,AMETHYSTS,SEASHELLS,10001,2
780,106800,Remy,SUBMISSION,STARFRUIT,SEASHELLS,4987,2
781,106900,SUBMISSION,,STARFRUIT,SEASHELLS,4984,10
782,106900,Valentina,Adam,STARFRUIT,SEASHELLS,4984,10
783,107200,SUBMISSION,Ruby,AMETHYSTS,SEASHELLS,9999,4
784,107500,Remy,SUBMISSION,AMETHYSTS,SEASHELLS,10000,2
785,107500,Remy,SUBMISSION,STARFRUIT,SEASHELLS,4987,2
786,107700,Remy,SUBMISSION,STARFRUIT,SEASHELLS,4988,2
787,107700,Remy,Vinnie,AMETHYSTS,SEASHELLS,10004,2
788,108000,SUBMISSION,Amelia,AMETHYSTS,SEASHELLS,9999,6
789,108000,SUBMISSION,Amelia,AMETHYSTS,SEASHELLS,9999,2
790,108000,Valentina,Amelia,AMETHYSTS,SEASHELLS,9998,3
791,108100,SUBMISSION,,STARFRUIT,SEASHELLS,4983,5
792,108100,SUBMISSION,Adam,STARFRUIT,SEASHELLS,4983,4
793,108300,Valentina,SUBMISSION,AMETHYSTS,SEASHELLS,9998,1
794,108400,,SUBMISSION,STARFRUIT,SEASHELLS,4987,1
795,108400,Remy,SUBMISSION,STARFRUIT,SEASHELLS,4987,1
796,108600,SUBMISSION,,STARFRUIT,SEASHELLS,4984,2
797,108600,SUBMISSION,Rhianna,STARFRUIT,SEASHELLS,4984,2
798,108600,Remy,Valentina,AMETHYSTS,SEASHELLS,10002,1
799,108700,SUBMISSION,Amelia,AMETHYSTS,SEASHELLS,9999,8
800,108700,Valentina,Amelia,AMETHYSTS,SEASHELLS,9995,2
801,108800,SUBMISSION,Remy,STARFRUIT,SEASHELLS,4984,1
802,108900,Remy,SUBMISSION,AMETHYSTS,SEASHELLS,10001,1
803,108900,Remy,SUBMISSION,STARFRUIT,SEASHELLS,4986,1
804,109100,Rhianna,Vladimir,AMETHYSTS,SEASHELLS,10002,2
805,109400,,SUBMISSION,STARFRUIT,SEASHELLS,4988,1
806,109400,Remy,SUBMISSION,STARFRUIT,SEASHELLS,4988,1
807,109600,Amelia,SUBMISSION,STARFRUIT,SEASHELLS,4987,10
808,109600,Amelia,Valentina,STARFRUIT,SEASHELLS,4990,2
809,109900,Remy,SUBMISSION,AMETHYSTS,SEASHELLS,10001,1
810,109900,Remy,SUBMISSION,STARFRUIT,SEASHELLS,4987,1
811,110300,SUBMISSION,Ruby,STARFRUIT,SEASHELLS,4985,4
812,110300,Valentina,Ruby,STARFRUIT,SEASHELLS,4983,4
813,110400,,SUBMISSION,AMETHYSTS,SEASHELLS,10002,1
814,111300,SUBMISSION,Remy,AMETHYSTS,SEASHELLS,9999,1
815,111300,Rhianna,Remy,STARFRUIT,SEASHELLS,4986,1
816,111600,SUBMISSION,Ruby,AMETHYSTS,SEASHELLS,9999,2
817,111600,Remy,SUBMISSION,STARFRUIT,SEASHELLS,4984,1
818,112000,Remy,SUBMISSION,AMETHYSTS,SEASHELLS,10001,1
819,112200,Remy,SUBMISSION,AMETHYSTS,SEASHELLS,10000,1
820,112300,SUBMISSION,Remy,STARFRUIT,SEASHELLS,4982,1
821,112400,Remy,Valentina,STARFRUIT,SEASHELLS,4986,1
822,112500,,SUBMISSION,AMETHYSTS,SEASHELLS,10002,1
823,112500,Remy,SUBMISSION,AMETHYSTS,SEASHELLS,10002,1
824,112500,SUBMISSION,,STARFRUIT,SEASHELLS,4981,1
825,112500,SUBMISSION,Remy,STARFRUIT,SEASHELLS,4981,1
826,113100,Remy,Valentina,STARFRUIT,SEASHELLS,4985,1
827,113200,SUBMISSION,Remy,STARFRUIT,SEASHELLS,4982,1
828,113400,Remy,SUBMISSION,AMETHYSTS,SEASHELLS,10001,1
829,113400,Remy,SUBMISSION,STARFRUIT,SEASHELLS,4983,2
830,113600,SUBMISSION,,STARFRUIT,SEASHELLS,4979,1
831,113700,Remy,SUBMISSION,STARFRUIT,SEASHELLS,4982,1
832,113800,SUBMISSION,Remy,AMETHYSTS,SEASHELLS,9999,1
833,113800,SUBMISSION,Remy,STARFRUIT,SEASHELLS,4980,1
834,113900,SUBMISSION,Remy,STARFRUIT,SEASHELLS,4981,1
835,114300,SUBMISSION,,STARFRUIT,SEASHELLS,4979,1
836,114300,SUBMISSION,Remy,STARFRUIT,SEASHELLS,4979,1
837,114700,SUBMISSION,Ruby,AMETHYSTS,SEASHELLS,9999,4
838,114700,Amelia,SUBMISSION,AMETHYSTS,SEASHELLS,10001,6
839,114700,Amelia,Valentina,AMETHYSTS,SEASHELLS,10005,6
840,115000,SUBMISSION,Remy,STARFRUIT,SEASHELLS,4982,1
841,115200,SUBMISSION,Remy,STARFRUIT,SEASHELLS,4982,1
842,115300,Remy,SUBMISSION,STARFRUIT,SEASHELLS,4984,1
843,115600,SUBMISSION,Remy,AMETHYSTS,SEASHELLS,9999,1
844,115600,SUBMISSION,,STARFRUIT,SEASHELLS,4981,3
845,115600,SUBMISSION,Rhianna,STARFRUIT,SEASHELLS,4981,3
846,115800,,SUBMISSION,STARFRUIT,SEASHELLS,4984,1
847,115800,Remy,SUBMISSION,STARFRUIT,SEASHELLS,4984,1
848,115800,Valentina,Remy,AMETHYSTS,SEASHELLS,9998,1
849,116600,Valentina,SUBMISSION,STARFRUIT,SEASHELLS,4981,3
850,116700,,SUBMISSION,STARFRUIT,SEASHELLS,4983,1
851,116700,Remy,SUBMISSION,STARFRUIT,SEASHELLS,4983,1
852,116900,Valentina,SUBMISSION,STARFRUIT,SEASHELLS,4981,5
853,117700,Remy,Valentina,STARFRUIT,SEASHELLS,4984,1
854,118000,SUBMISSION,Remy,AMETHYSTS,SEASHELLS,9999,1
855,118000,SUBMISSION,Remy,STARFRUIT,SEASHELLS,4978,1
856,118300,Rhianna,SUBMISSION,STARFRUIT,SEASHELLS,4979,2
857,118600,SUBMISSION,Remy,STARFRUIT,SEASHELLS,4977,1
858,119000,,SUBMISSION,AMETHYSTS,SEASHELLS,10002,1
859,119000,Remy,SUBMISSION,STARFRUIT,SEASHELLS,4979,1
860,119300,Remy,SUBMISSION,AMETHYSTS,SEASHELLS,10000,1
861,119300,Remy,SUBMISSION,STARFRUIT,SEASHELLS,4978,1
862,119500,SUBMISSION,Remy,STARFRUIT,SEASHELLS,4975,1
863,119700,SUBMISSION,Remy,STARFRUIT,SEASHELLS,4975,1
864,120200,Remy,SUBMISSION,AMETHYSTS,SEASHELLS,10000,1
865,120200,SUBMISSION,Remy,STARFRUIT,SEASHELLS,4975,1
866,120500,Valentina,SUBMISSION,AMETHYSTS,SEASHELLS,9998,3
867,120700,SUBMISSION,Remy,STARFRUIT,SEASHELLS,4974,1
868,120800,SUBMISSION,Remy,AMETHYSTS,SEASHELLS,10000,2
869,120800,Remy,Remy,STARFRUIT,SEASHELLS,4978,1
870,120900,Valentina,Remy,AMETHYSTS,SEASHELLS,9998,1
871,121300,Ruby,SUBMISSION,STARFRUIT,SEASHELLS,4978,7
872,121300,Ruby,Valentina,STARFRUIT,SEASHELLS,4981,2
873,121800,,SUBMISSION,AMETHYSTS,SEASHELLS,10002,10
874,121800,SUBMISSION,Rhianna,AMETHYSTS,SEASHELLS,10000,2
875,122000,SUBMISSION,,STARFRUIT,SEASHELLS,4975,9
876,122000,SUBMISSION,Adam,STARFRUIT,SEASHELLS,4975,1
877,122000,Valentina,Adam,STARFRUIT,SEASHELLS,4975,8
878,122300,Ruby,SUBMISSION,AMETHYSTS,SEASHELLS,10001,2
879,122300,Ruby,SUBMISSION,AMETHYSTS,SEASHELLS,10001,3
880,122700,SUBMISSION,Remy,STARFRUIT,SEASHELLS,4975,1
881,123000,SUBMISSION,,AMETHYSTS,SEASHELLS,9998,1
882,123000,SUBMISSION,Remy,AMETHYSTS,SEASHELLS,9998,1
883,123000,SUBMISSION,Remy,STARFRUIT,SEASHELLS,4975,1
884,123100,SUBMISSION,,STARFRUIT,SEASHELLS,4974,5
885,123100,SUBMISSION,Remy,STARFRUIT,SEASHELLS,4974,1
886,123200,Remy,Valentina,STARFRUIT,SEASHELLS,4978,1
887,123300,,SUBMISSION,STARFRUIT,SEASHELLS,4978,9
888,123300,Adam,SUBMISSION,STARFRUIT,SEASHELLS,4978,1
889,123300,Adam,SUBMISSION,STARFRUIT,SEASHELLS,4978,7
890,123300,Adam,Valentina,STARFRUIT,SEASHELLS,4978,1
891,124000,Remy,Valentina,STARFRUIT,SEASHELLS,4977,1
892,124400,Remy,Valentina,AMETHYSTS,SEASHELLS,10002,1
893,124500,SUBMISSION,Ruby,AMETHYSTS,SEASHELLS,9999,5
894,124600,SUBMISSION,,STARFRUIT,SEASHELLS,4972,3
895,124700,Valentina,SUBMISSION,AMETHYSTS,SEASHELLS,9998,1
896,124900,Remy,SUBMISSION,AMETHYSTS,SEASHELLS,10000,2
897,124900,Remy,SUBMISSION,STARFRUIT,SEASHELLS,4973,2
898,125100,SUBMISSION,,AMETHYSTS,SEASHELLS,9998,1
899,125100,SUBMISSION,Remy,AMETHYSTS,SEASHELLS,9998,1
900,125100,SUBMISSION,Remy,STARFRUIT,SEASHELLS,4971,1
901,125200,Remy,SUBMISSION,AMETHYSTS,SEASHELLS,10001,1
902,125200,Remy,SUBMISSION,STARFRUIT,SEASHELLS,4973,1
903,125300,Remy,SUBMISSION,STARFRUIT,SEASHELLS,4973,2
904,125300,Remy,Valentina,AMETHYSTS,SEASHELLS,10005,2
905,125400,SUBMISSION,Remy,AMETHYSTS,SEASHELLS,9999,2
906,125400,SUBMISSION,Remy,STARFRUIT,SEASHELLS,4971,2
907,125600,SUBMISSION,,AMETHYSTS,SEASHELLS,9998,2
908,126200,SUBMISSION,,STARFRUIT,SEASHELLS,4971,2
909,126400,SUBMISSION,Ruby,AMETHYSTS,SEASHELLS,9999,3
910,126400,SUBMISSION,Ruby,AMETHYSTS,SEASHELLS,9999,1
911,126500,SUBMISSION,Ruby,AMETHYSTS,SEASHELLS,9999,4
912,127000,SUBMISSION,Amelia,AMETHYSTS,SEASHELLS,9999,6
913,127000,Valentina,Amelia,AMETHYSTS,SEASHELLS,9995,6
914,127200,,SUBMISSION,AMETHYSTS,SEASHELLS,10002,1
915,127200,Rhianna,SUBMISSION,AMETHYSTS,SEASHELLS,10002,2
916,127300,SUBMISSION,Ruby,STARFRUIT,SEASHELLS,4972,6
917,127300,Valentina,Remy,STARFRUIT,SEASHELLS,4970,1
918,127400,,SUBMISSION,AMETHYSTS,SEASHELLS,10002,1
919,127400,Remy,SUBMISSION,AMETHYSTS,SEASHELLS,10002,1
920,127600,SUBMISSION,Remy,STARFRUIT,SEASHELLS,4969,1
921,127800,,SUBMISSION,AMETHYSTS,SEASHELLS,10002,5
922,127800,Ruby,SUBMISSION,AMETHYSTS,SEASHELLS,10002,2
923,127900,Remy,SUBMISSION,AMETHYSTS,SEASHELLS,10000,1
924,128400,SUBMISSION,,STARFRUIT,SEASHELLS,4969,9
925,128800,,SUBMISSION,STARFRUIT,SEASHELLS,4975,1
926,128900,,SUBMISSION,STARFRUIT,SEASHELLS,4974,3
927,128900,Rhianna,SUBMISSION,STARFRUIT,SEASHELLS,4974,3
928,129200,SUBMISSION,Remy,AMETHYSTS,SEASHELLS,9999,2
929,129200,SUBMISSION,Remy,STARFRUIT,SEASHELLS,4971,2
930,129600,Remy,SUBMISSION,STARFRUIT,SEASHELLS,4973,1
931,129700,SUBMISSION,Remy,AMETHYSTS,SEASHELLS,9999,1
932,129700,SUBMISSION,Remy,STARFRUIT,SEASHELLS,4972,1
933,129800,SUBMISSION,Remy,STARFRUIT,SEASHELLS,4972,1
934,130100,,SUBMISSION,AMETHYSTS,SEASHELLS,10002,4
935,130100,Rhianna,SUBMISSION,AMETHYSTS,SEASHELLS,10002,4
936,130100,Rhianna,SUBMISSION,AMETHYSTS,SEASHELLS,10002,1
937,130200,SUBMISSION,Remy,STARFRUIT,SEASHELLS,4972,1
938,130300,SUBMISSION,,AMETHYSTS,SEASHELLS,9998,5
939,130300,SUBMISSION,Rhianna,AMETHYSTS,SEASHELLS,9998,3
940,130300,SUBMISSION,Remy,STARFRUIT,SEASHELLS,4972,1
941,130400,SUBMISSION,Remy,STARFRUIT,SEASHELLS,4970,1
942,130500,Ruby,SUBMISSION,STARFRUIT,SEASHELLS,4973,6
943,130500,Ruby,Valentina,STARFRUIT,SEASHELLS,4976,6
944,130500,Valentina,Rhianna,AMETHYSTS,SEASHELLS,9998,3
945,130600,,SUBMISSION,STARFRUIT,SEASHELLS,4974,1
946,131200,Remy,Rhianna,AMETHYSTS,SEASHELLS,9998,1
947,131400,Ruby,Rhianna,AMETHYSTS,SEASHELLS,9998,3
948,131600,Vladimir,Rhianna,AMETHYSTS,SEASHELLS,9998,1
949,132000,Remy,SUBMISSION,AMETHYSTS,SEASHELLS,10001,1
950,132000,Remy,SUBMISSION,STARFRUIT,SEASHELLS,4972,1
951,132100,SUBMISSION,Rhianna,AMETHYSTS,SEASHELLS,9999,5
952,132100,SUBMISSION,,STARFRUIT,SEASHELLS,4969,7
953,132300,SUBMISSION,Remy,AMETHYSTS,SEASHELLS,10000,1
954,132300,SUBMISSION,Remy,STARFRUIT,SEASHELLS,4971,1
955,132700,Amelia,SUBMISSION,AMETHYSTS,SEASHELLS,10001,6
956,132700,Amelia,Valentina,AMETHYSTS,SEASHELLS,10004,3
957,132700,Amelia,Vinnie,AMETHYSTS,SEASHELLS,10004,1
958,132700,Valentina,Rhianna,STARFRUIT,SEASHELLS,4968,3
959,133400,Remy,SUBMISSION,AMETHYSTS,SEASHELLS,10001,1
960,133400,Remy,SUBMISSION,STARFRUIT,SEASHELLS,4972,1
961,133600,SUBMISSION,,AMETHYSTS,SEASHELLS,9998,1
962,133700,Remy,SUBMISSION,AMETHYSTS,SEASHELLS,10001,1
963,133700,Remy,SUBMISSION,STARFRUIT,SEASHELLS,4971,1
964,134100,,SUBMISSION,STARFRUIT,SEASHELLS,4973,9
965,134100,Adam,SUBMISSION,STARFRUIT,SEASHELLS,4973,1
966,134100,Adam,SUBMISSION,STARFRUIT,SEASHELLS,4973,7
967,134100,Adam,Valentina,STARFRUIT,SEASHELLS,4973,2
968,134200,SUBMISSION,,STARFRUIT,SEASHELLS,4969,2
969,134200,SUBMISSION,Rhianna,STARFRUIT,SEASHELLS,4969,2
970,134700,Remy,SUBMISSION,AMETHYSTS,SEASHELLS,10001,1
971,134700,Remy,SUBMISSION,STARFRUIT,SEASHELLS,4971,1
972,134800,Amelia,SUBMISSION,AMETHYSTS,SEASHELLS,10001,2
973,134900,Remy,SUBMISSION,AMETHYSTS,SEASHELLS,10000,1
974,135200,SUBMISSION,Amelia,STARFRUIT,SEASHELLS,4969,5
975,135200,Valentina,Amelia,STARFRUIT,SEASHELLS,4967,10
976,135300,SUBMISSION,,STARFRUIT,SEASHELLS,4967,1
977,135600,SUBMISSION,Remy,STARFRUIT,SEASHELLS,4969,1
978,136500,Remy,SUBMISSION,AMETHYSTS,SEASHELLS,10001,2
979,136500,SUBMISSION,Remy,STARFRUIT,SEASHELLS,4970,1
980,136500,Remy,SUBMISSION,STARFRUIT,SEASHELLS,4972,2
981,136800,SUBMISSION,,AMETHYSTS,SEASHELLS,9998,2
982,136800,SUBMISSION,Rhianna,AMETHYSTS,SEASHELLS,9998,2
983,136900,SUBMISSION,Remy,STARFRUIT,SEASHELLS,4970,1
984,137000,SUBMISSION,,AMETHYSTS,SEASHELLS,9998,1
985,137000,Ruby,SUBMISSION,STARFRUIT,SEASHELLS,4971,9
986,137700,Ruby,SUBMISSION,AMETHYSTS,SEASHELLS,10001,1
987,138700,SUBMISSION,,AMETHYSTS,SEASHELLS,9998,1
988,139100,SUBMISSION,,AMETHYSTS,SEASHELLS,9998,5
989,139100,SUBMISSION,Rhianna,AMETHYSTS,SEASHELLS,9998,5
990,139400,SUBMISSION,Ruby,AMETHYSTS,SEASHELLS,9999,2
991,139400,SUBMISSION,Ruby,AMETHYSTS,SEASHELLS,9999,1
992,139500,,SUBMISSION,AMETHYSTS,SEASHELLS,10002,1
993,140400,Remy,SUBMISSION,STARFRUIT,SEASHELLS,4970,1
994,140700,SUBMISSION,Rhianna,AMETHYSTS,SEASHELLS,9999,2
995,140800,SUBMISSION,Remy,STARFRUIT,SEASHELLS,4968,1
996,140900,SUBMISSION,Remy,STARFRUIT,SEASHELLS,4967,1
997,141100,Valentina,Remy,AMETHYSTS,SEASHELLS,9998,1
998,141200,SUBMISSION,Ruby,STARFRUIT,SEASHELLS,4966,5
999,141200,Valentina,Ruby,STARFRUIT,SEASHELLS,4964,6
1000,141400,Remy,Valentina,STARFRUIT,SEASHELLS,4969,1
1001,141600,Remy,SUBMISSION,STARFRUIT,SEASHELLS,4967,1
1002,141700,Adam,Valentina,STARFRUIT,SEASHELLS,4968,10
1003,142000,SUBMISSION,Ruby,AMETHYSTS,SEASHELLS,9998,1
1004,142000,SUBMISSION,Amelia,STARFRUIT,SEASHELLS,4966,7
1005,142000,Valentina,Amelia,STARFRUIT,SEASHELLS,4964,4
1006,142400,Remy,SUBMISSION,AMETHYSTS,SEASHELLS,10001,1
1007,142400,Remy,SUBMISSION,STARFRUIT,SEASHELLS,4967,1
1008,142800,SUBMISSION,Valentina,STARFRUIT,SEASHELLS,4967,4
1009,142800,Amelia,SUBMISSION,STARFRUIT,SEASHELLS,4969,10
1010,142800,Amelia,Valentina,STARFRUIT,SEASHELLS,4970,3
1011,142800,Remy,Valentina,STARFRUIT,SEASHELLS,4968,1
1012,143100,SUBMISSION,Remy,AMETHYSTS,SEASHELLS,9998,2
1013,143100,SUBMISSION,Remy,STARFRUIT,SEASHELLS,4965,2
1014,143200,SUBMISSION,Remy,STARFRUIT,SEASHELLS,4965,1
1015,143200,Valentina,Remy,AMETHYSTS,SEASHELLS,9995,1
1016,143200,Valentina,Remy,AMETHYSTS,SEASHELLS,9998,1
1017,143300,SUBMISSION,,STARFRUIT,SEASHELLS,4964,1
1018,143800,SUBMISSION,Remy,AMETHYSTS,SEASHELLS,9999,1
1019,143800,SUBMISSION,Remy,STARFRUIT,SEASHELLS,4965,1
1020,143900,,SUBMISSION,STARFRUIT,SEASHELLS,4969,1
1021,144100,,SUBMISSION,AMETHYSTS,SEASHELLS,10002,1
1022,144100,Rhianna,SUBMISSION,AMETHYSTS,SEASHELLS,10002,1
1023,144200,Remy,SUBMISSION,AMETHYSTS,SEASHELLS,10001,1
1024,144200,Remy,SUBMISSION,STARFRUIT,SEASHELLS,4966,2
1025,144600,SUBMISSION,Rhianna,AMETHYSTS,SEASHELLS,9999,3
1026,144800,Remy,SUBMISSION,STARFRUIT,SEASHELLS,4967,1
1027,144900,,SUBMISSION,AMETHYSTS,SEASHELLS,10002,1
1028,144900,Remy,SUBMISSION,AMETHYSTS,SEASHELLS,10002,1
1029,145800,Valentina,SUBMISSION,AMETHYSTS,SEASHELLS,9998,3
1030,145800,Remy,Valentina,STARFRUIT,SEASHELLS,4967,1
1031,145900,Remy,SUBMISSION,AMETHYSTS,SEASHELLS,10001,1
1032,145900,Remy,Valentina,STARFRUIT,SEASHELLS,4969,1
1033,145900,Remy,Valentina,STARFRUIT,SEASHELLS,4968,1
1034,146000,Remy,Amelia,STARFRUIT,SEASHELLS,4967,1
1035,146200,SUBMISSION,Ruby,STARFRUIT,SEASHELLS,4964,7
1036,146200,Valentina,Ruby,STARFRUIT,SEASHELLS,4962,3
1037,146300,Remy,SUBMISSION,AMETHYSTS,SEASHELLS,10001,2
1038,146300,Remy,SUBMISSION,STARFRUIT,SEASHELLS,4967,2
1039,146700,Ruby,SUBMISSION,AMETHYSTS,SEASHELLS,10001,5
1040,146800,,SUBMISSION,STARFRUIT,SEASHELLS,4968,1
1041,146900,Amelia,SUBMISSION,AMETHYSTS,SEASHELLS,10001,8
1042,146900,SUBMISSION,,STARFRUIT,SEASHELLS,4964,3
1043,146900,SUBMISSION,Rhianna,STARFRUIT,SEASHELLS,4964,3
1044,146900,SUBMISSION,Remy,STARFRUIT,SEASHELLS,4964,1
1045,146900,Amelia,Vinnie,AMETHYSTS,SEASHELLS,10004,2
1046,147000,Ruby,SUBMISSION,STARFRUIT,SEASHELLS,4966,7
1047,147000,Ruby,Valentina,STARFRUIT,SEASHELLS,4969,1
1048,147100,Valentina,SUBMISSION,STARFRUIT,SEASHELLS,4964,4
1049,147300,SUBMISSION,Remy,STARFRUIT,SEASHELLS,4964,1
1050,147400,SUBMISSION,Remy,AMETHYSTS,SEASHELLS,9998,1
1051,147400,SUBMISSION,Remy,STARFRUIT,SEASHELLS,4964,1
1052,147800,SUBMISSION,,AMETHYSTS,SEASHELLS,9998,1
1053,147800,SUBMISSION,Remy,AMETHYSTS,SEASHELLS,9998,1
1054,147800,Remy,Valentina,STARFRUIT,SEASHELLS,4967,1
1055,148000,SUBMISSION,Remy,AMETHYSTS,SEASHELLS,10001,1
1056,148000,SUBMISSION,Remy,AMETHYSTS,SEASHELLS,10001,1
1057,148000,Vinnie,Remy,STARFRUIT,SEASHELLS,4964,1
1058,148100,SUBMISSION,,STARFRUIT,SEASHELLS,4963,3
1059,148100,SUBMISSION,Rhianna,STARFRUIT,SEASHELLS,4963,3
1060,148200,SUBMISSION,Remy,AMETHYSTS,SEASHELLS,9999,2
1061,148200,,SUBMISSION,STARFRUIT,SEASHELLS,4967,1
1062,148200,Remy,SUBMISSION,STARFRUIT,SEASHELLS,4967,1
1063,148300,SUBMISSION,,STARFRUIT,SEASHELLS,4962,10
1064,148300,Valentina,Adam,STARFRUIT,SEASHELLS,4962,10
1065,148500,,SUBMISSION,STARFRUIT,SEASHELLS,4966,1
1066,148500,Remy,SUBMISSION,STARFRUIT,SEASHELLS,4966,1
1067,148700,SUBMISSION,Remy,STARFRUIT,SEASHELLS,4963,1
1068,148800,SUBMISSION,Amelia,STARFRUIT,SEASHELLS,4963,5
1069,148800,Valentina,Amelia,STARFRUIT,SEASHELLS,4961,4
1070,149200,,SUBMISSION,AMETHYSTS,SEASHELLS,10002,10
1071,149200,,SUBMISSION,AMETHYSTS,SEASHELLS,10002,2
1072,149400,Valentina,SUBMISSION,STARFRUIT,SEASHELLS,4963,2
1073,149400,Valentina,Vinnie,STARFRUIT,SEASHELLS,4963,1
1074,150000,Rhianna,SUBMISSION,STARFRUIT,SEASHELLS,4963,1
1075,150000,Rhianna,SUBMISSION,STARFRUIT,SEASHELLS,4963,1
1076,150100,Remy,SUBMISSION,AMETHYSTS,SEASHELLS,10001,1
1077,150100,Remy,SUBMISSION,STARFRUIT,SEASHELLS,4963,1
1078,150200,Remy,SUBMISSION,STARFRUIT,SEASHELLS,4963,1
1079,150300,SUBMISSION,Remy,AMETHYSTS,SEASHELLS,9999,1
1080,150300,SUBMISSION,Remy,STARFRUIT,SEASHELLS,4961,1
1081,150500,,SUBMISSION,STARFRUIT,SEASHELLS,4964,1
1082,150800,,SUBMISSION,STARFRUIT,SEASHELLS,4963,2
1083,151400,Valentina,Remy,STARFRUIT,SEASHELLS,4960,1
1084,151400,Remy,Valentina,AMETHYSTS,SEASHELLS,10002,1
1085,151900,SUBMISSION,Remy,STARFRUIT,SEASHELLS,4962,1
1086,152000,Adam,SUBMISSION,AMETHYSTS,SEASHELLS,10001,5
1087,152000,,SUBMISSION,STARFRUIT,SEASHELLS,4965,1
1088,152000,Adam,Vladimir,AMETHYSTS,SEASHELLS,10002,1
1089,152100,Remy,SUBMISSION,AMETHYSTS,SEASHELLS,10001,2
1090,152100,Remy,SUBMISSION,STARFRUIT,SEASHELLS,4963,2
1091,152300,SUBMISSION,Remy,STARFRUIT,SEASHELLS,4961,1
1092,152400,SUBMISSION,,AMETHYSTS,SEASHELLS,9998,8
1093,152800,Rhianna,Valentina,STARFRUIT,SEASHELLS,4965,3
1094,153200,SUBMISSION,Ruby,AMETHYSTS,SEASHELLS,9998,5
1095,153400,Valentina,SUBMISSION,STARFRUIT,SEASHELLS,4963,2
1096,153500,Remy,SUBMISSION,AMETHYSTS,SEASHELLS,10000,1
1097,153500,Remy,SUBMISSION,STARFRUIT,SEASHELLS,4965,1
1098,153600,SUBMISSION,Remy,STARFRUIT,SEASHELLS,4963,1
1099,153700,SUBMISSION,,AMETHYSTS,SEASHELLS,9998,1
1100,153700,SUBMISSION,Remy,AMETHYSTS,SEASHELLS,9998,1
1101,153800,,SUBMISSION,STARFRUIT,SEASHELLS,4967,1
1102,153900,SUBMISSION,Remy,STARFRUIT,SEASHELLS,4963,1
1103,154000,Valentina,Adam,STARFRUIT,SEASHELLS,4963,10
1104,154100,SUBMISSION,Rhianna,AMETHYSTS,SEASHELLS,9999,2
1105,154200,SUBMISSION,,AMETHYSTS,SEASHELLS,9998,2
1106,154400,,SUBMISSION,AMETHYSTS,SEASHELLS,10002,2
1107,154400,Rhianna,SUBMISSION,AMETHYSTS,SEASHELLS,10002,2
1108,154600,Remy,Ruby,AMETHYSTS,SEASHELLS,10002,1
1109,154700,SUBMISSION,Remy,STARFRUIT,SEASHELLS,4964,1
1110,154700,Ruby,SUBMISSION,STARFRUIT,SEASHELLS,4966,7
1111,154800,SUBMISSION,Remy,STARFRUIT,SEASHELLS,4964,1
1112,155200,Remy,Valentina,AMETHYSTS,SEASHELLS,10002,1
1113,155600,SUBMISSION,,AMETHYSTS,SEASHELLS,9998,1
1114,155600,SUBMISSION,Remy,AMETHYSTS,SEASHELLS,9998,1
1115,155600,Remy,SUBMISSION,STARFRUIT,SEASHELLS,4967,1
1116,155700,,SUBMISSION,AMETHYSTS,SEASHELLS,10002,1
1117,155700,Remy,SUBMISSION,AMETHYSTS,SEASHELLS,10002,1
1118,156200,SUBMISSION,,STARFRUIT,SEASHELLS,4964,5
1119,156200,SUBMISSION,Rhianna,STARFRUIT,SEASHELLS,4964,5
1120,156400,Ruby,SUBMISSION,STARFRUIT,SEASHELLS,4967,6
1121,156400,Ruby,Valentina,STARFRUIT,SEASHELLS,4969,1
1122,156500,Remy,SUBMISSION,AMETHYSTS,SEASHELLS,10000,1
1123,156700,Remy,SUBMISSION,AMETHYSTS,SEASHELLS,10001,2
1124,156700,Remy,SUBMISSION,STARFRUIT,SEASHELLS,4966,2
1125,157000,Amelia,SUBMISSION,STARFRUIT,SEASHELLS,4967,2
1126,157000,Amelia,SUBMISSION,STARFRUIT,SEASHELLS,4967,8
1127,157000,Amelia,Valentina,STARFRUIT,SEASHELLS,4969,1
1128,157400,SUBMISSION,Remy,STARFRUIT,SEASHELLS,4965,1
1129,157400,Remy,Remy,AMETHYSTS,SEASHELLS,10002,1
1130,157700,Remy,SUBMISSION,AMETHYSTS,SEASHELLS,10001,1
1131,157700,Remy,SUBMISSION,STARFRUIT,SEASHELLS,4969,1
1132,157900,Remy,SUBMISSION,AMETHYSTS,SEASHELLS,10001,2
1133,157900,SUBMISSION,,STARFRUIT,SEASHELLS,4966,5
1134,157900,SUBMISSION,Rhianna,STARFRUIT,SEASHELLS,4966,2
1135,158000,SUBMISSION,Remy,STARFRUIT,SEASHELLS,4967,1
1136,158000,Remy,Valentina,AMETHYSTS,SEASHELLS,10002,1
1137,158200,SUBMISSION,Ruby,AMETHYSTS,SEASHELLS,9999,5
1138,158200,Vladimir,Ruby,AMETHYSTS,SEASHELLS,9998,3
1139,158300,SUBMISSION,Remy,STARFRUIT,SEASHELLS,4967,1
1140,158300,Remy,Valentina,AMETHYSTS,SEASHELLS,10002,1
1141,158500,SUBMISSION,Remy,STARFRUIT,SEASHELLS,4966,1
1142,159200,SUBMISSION,Remy,AMETHYSTS,SEASHELLS,9999,2
1143,159200,SUBMISSION,Remy,STARFRUIT,SEASHELLS,4966,2
1144,159400,Remy,SUBMISSION,AMETHYSTS,SEASHELLS,10000,1
1145,159400,SUBMISSION,Amelia,STARFRUIT,SEASHELLS,4967,8
1146,159500,SUBMISSION,Remy,STARFRUIT,SEASHELLS,4966,1
1147,159900,SUBMISSION,Remy,AMETHYSTS,SEASHELLS,9998,2
1148,159900,SUBMISSION,Remy,STARFRUIT,SEASHELLS,4966,2
1149,160200,SUBMISSION,Remy,STARFRUIT,SEASHELLS,4965,1
1150,160300,,SUBMISSION,STARFRUIT,SEASHELLS,4969,1
1151,160300,Remy,SUBMISSION,STARFRUIT,SEASHELLS,4969,1
1152,160400,SUBMISSION,Remy,STARFRUIT,SEASHELLS,4965,1
1153,160700,SUBMISSION,Remy,STARFRUIT,SEASHELLS,4963,1
1154,160800,Amelia,SUBMISSION,STARFRUIT,SEASHELLS,4966,3
1155,160800,Amelia,Valentina,STARFRUIT,SEASHELLS,4969,10
1156,161200,Valentina,Rhianna,STARFRUIT,SEASHELLS,4964,3
1157,161400,Amelia,SUBMISSION,STARFRUIT,SEASHELLS,4966,4
1158,161400,Amelia,Valentina,STARFRUIT,SEASHELLS,4969,9
1159,161700,,SUBMISSION,AMETHYSTS,SEASHELLS,10002,1
1160,161700,,SUBMISSION,STARFRUIT,SEASHELLS,4967,1
1161,161800,SUBMISSION,Remy,STARFRUIT,SEASHELLS,4964,1
1162,162000,Remy,SUBMISSION,AMETHYSTS,SEASHELLS,10001,2
1163,162000,Remy,SUBMISSION,STARFRUIT,SEASHELLS,4965,2
1164,162300,SUBMISSION,Remy,STARFRUIT,SEASHELLS,4964,2
1165,162300,Rhianna,Remy,AMETHYSTS,SEASHELLS,10002,2
1166,162400,SUBMISSION,Remy,STARFRUIT,SEASHELLS,4964,1
1167,162700,SUBMISSION,,AMETHYSTS,SEASHELLS,9998,1
1168,162700,SUBMISSION,Remy,AMETHYSTS,SEASHELLS,9998,1
1169,162700,SUBMISSION,Remy,STARFRUIT,SEASHELLS,4963,1
1170,162800,SUBMISSION,Remy,AMETHYSTS,SEASHELLS,9999,2
1171,162800,SUBMISSION,Remy,STARFRUIT,SEASHELLS,4963,2
1172,163100,Remy,SUBMISSION,STARFRUIT,SEASHELLS,4965,1
1173,163200,,SUBMISSION,STARFRUIT,SEASHELLS,4968,1
1174,163300,,SUBMISSION,STARFRUIT,SEASHELLS,4969,1
1175,163300,Remy,SUBMISSION,STARFRUIT,SEASHELLS,4969,1
1176,163600,Valentina,SUBMISSION,STARFRUIT,SEASHELLS,4966,2
1177,163700,SUBMISSION,Ruby,STARFRUIT,SEASHELLS,4965,4
1178,163900,,SUBMISSION,AMETHYSTS,SEASHELLS,10002,5
1179,163900,Rhianna,SUBMISSION,AMETHYSTS,SEASHELLS,10002,4
1180,163900,Remy,SUBMISSION,AMETHYSTS,SEASHELLS,10002,1
1181,164000,Vinnie,Amelia,AMETHYSTS,SEASHELLS,10000,3
1182,164600,SUBMISSION,Remy,AMETHYSTS,SEASHELLS,9999,1
1183,164800,SUBMISSION,,AMETHYSTS,SEASHELLS,9998,1
1184,164800,SUBMISSION,Rhianna,AMETHYSTS,SEASHELLS,9998,1
1185,164900,SUBMISSION,,AMETHYSTS,SEASHELLS,9998,1
1186,164900,SUBMISSION,Rhianna,STARFRUIT,SEASHELLS,4965,3
1187,165000,Rhianna,Valentina,AMETHYSTS,SEASHELLS,10002,2
1188,165300,SUBMISSION,Ruby,AMETHYSTS,SEASHELLS,9999,3
1189,165300,SUBMISSION,Ruby,AMETHYSTS,SEASHELLS,9999,1
1190,165500,Remy,SUBMISSION,STARFRUIT,SEASHELLS,4966,1
1191,165700,Remy,SUBMISSION,STARFRUIT,SEASHELLS,4966,1
1192,166100,Rhianna,SUBMISSION,AMETHYSTS,SEASHELLS,10000,1
1193,166300,Remy,Valentina,AMETHYSTS,SEASHELLS,10002,1
1194,166400,Remy,Valentina,AMETHYSTS,SEASHELLS,10002,1
1195,166600,Valentina,Rhianna,STARFRUIT,SEASHELLS,4964,3
1196,166700,SUBMISSION,Remy,STARFRUIT,SEASHELLS,4965,1
1197,166700,Remy,Remy,AMETHYSTS,SEASHELLS,10002,1
1198,166900,SUBMISSION,,AMETHYSTS,SEASHELLS,9998,1
1199,167300,Remy,SUBMISSION,AMETHYSTS,SEASHELLS,10001,2
1200,167300,Remy,SUBMISSION,STARFRUIT,SEASHELLS,4965,2
1201,167800,,SUBMISSION,STARFRUIT,SEASHELLS,4966,1
1202,168100,Remy,Valentina,AMETHYSTS,SEASHELLS,10002,1
1203,168200,SUBMISSION,Remy,AMETHYSTS,SEASHELLS,9998,1
1204,168200,SUBMISSION,Remy,STARFRUIT,SEASHELLS,4962,1
1205,168500,SUBMISSION,,AMETHYSTS,SEASHELLS,9998,1
1206,168900,SUBMISSION,,AMETHYSTS,SEASHELLS,9998,5
1207,168900,SUBMISSION,Rhianna,AMETHYSTS,SEASHELLS,9998,5
1208,169200,SUBMISSION,Remy,STARFRUIT,SEASHELLS,4960,1
1209,169300,Rhianna,SUBMISSION,AMETHYSTS,SEASHELLS,9999,1
1210,169300,Valentina,SUBMISSION,STARFRUIT,SEASHELLS,4962,3
1211,169500,,SUBMISSION,STARFRUIT,SEASHELLS,4964,8
1212,169500,Ruby,SUBMISSION,STARFRUIT,SEASHELLS,4964,2
1213,169500,Ruby,SUBMISSION,STARFRUIT,SEASHELLS,4965,6
1214,169500,Ruby,Valentina,STARFRUIT,SEASHELLS,4966,4
1215,169600,Remy,Valentina,STARFRUIT,SEASHELLS,4966,1
1216,170000,Remy,SUBMISSION,AMETHYSTS,SEASHELLS,10000,2
1217,170000,Remy,Vladimir,STARFRUIT,SEASHELLS,4965,2
1218,170000,Rhianna,Remy,STARFRUIT,SEASHELLS,4964,1
1219,170200,,SUBMISSION,AMETHYSTS,SEASHELLS,10002,1
1220,170200,Remy,SUBMISSION,AMETHYSTS,SEASHELLS,10002,1
1221,170200,Remy,SUBMISSION,STARFRUIT,SEASHELLS,4964,1
1222,170400,Amelia,Valentina,STARFRUIT,SEASHELLS,4967,12
1223,171400,Valentina,Remy,AMETHYSTS,SEASHELLS,9998,1
1224,171700,Remy,SUBMISSION,AMETHYSTS,SEASHELLS,10001,1
1225,171700,Remy,SUBMISSION,STARFRUIT,SEASHELLS,4963,1
1226,172000,SUBMISSION,Amelia,STARFRUIT,SEASHELLS,4961,4
1227,172000,Valentina,Amelia,STARFRUIT,SEASHELLS,4959,9
1228,172100,Remy,SUBMISSION,AMETHYSTS,SEASHELLS,9998,1
1229,172200,,SUBMISSION,AMETHYSTS,SEASHELLS,10002,1
1230,172200,Remy,SUBMISSION,AMETHYSTS,SEASHELLS,10002,1
1231,172300,Remy,SUBMISSION,AMETHYSTS,SEASHELLS,10000,1
1232,172600,Remy,Valentina,AMETHYSTS,SEASHELLS,10002,1
1233,172700,Ruby,SUBMISSION,AMETHYSTS,SEASHELLS,10001,2
1234,173100,Ruby,SUBMISSION,AMETHYSTS,SEASHELLS,10001,4
1235,173600,Remy,Valentina,STARFRUIT,SEASHELLS,4965,1
1236,173700,SUBMISSION,,AMETHYSTS,SEASHELLS,9998,1
1237,173700,SUBMISSION,Remy,AMETHYSTS,SEASHELLS,9998,1
1238,174100,Valentina,SUBMISSION,AMETHYSTS,SEASHELLS,9998,1
1239,174100,Remy,Valentina,STARFRUIT,SEASHELLS,4963,1
1240,174400,Valentina,SUBMISSION,STARFRUIT,SEASHELLS,4960,3
1241,174700,Rhianna,Valentina,STARFRUIT,SEASHELLS,4961,2
1242,174900,Remy,SUBMISSION,AMETHYSTS,SEASHELLS,10000,1
1243,174900,Remy,SUBMISSION,STARFRUIT,SEASHELLS,4960,1
1244,175200,SUBMISSION,,AMETHYSTS,SEASHELLS,9998,1
1245,175200,SUBMISSION,Remy,AMETHYSTS,SEASHELLS,9998,2
1246,175200,SUBMISSION,Remy,AMETHYSTS,SEASHELLS,9998,1
1247,175200,SUBMISSION,Remy,STARFRUIT,SEASHELLS,4960,2
1248,175200,Remy,SUBMISSION,STARFRUIT,SEASHELLS,4962,1
1249,175500,Remy,SUBMISSION,AMETHYSTS,SEASHELLS,10001,1
1250,175500,Remy,SUBMISSION,STARFRUIT,SEASHELLS,4961,1
1251,175600,Remy,Valentina,STARFRUIT,SEASHELLS,4963,1
1252,176000,SUBMISSION,Remy,STARFRUIT,SEASHELLS,4959,1
1253,176100,Remy,SUBMISSION,AMETHYSTS,SEASHELLS,10000,1
1254,176500,Remy,SUBMISSION,AMETHYSTS,SEASHELLS,10001,1
1255,176500,Remy,SUBMISSION,STARFRUIT,SEASHELLS,4961,1
1256,176900,Amelia,SUBMISSION,AMETHYSTS,SEASHELLS,10001,6
1257,176900,SUBMISSION,,STARFRUIT,SEASHELLS,4959,2
1258,176900,SUBMISSION,Rhianna,STARFRUIT,SEASHELLS,4959,2
1259,176900,Amelia,Valentina,AMETHYSTS,SEASHELLS,10005,3
1260,177200,SUBMISSION,Adam,STARFRUIT,SEASHELLS,4959,1
1261,177200,SUBMISSION,Adam,STARFRUIT,SEASHELLS,4959,5
1262,177200,Vladimir,Adam,STARFRUIT,SEASHELLS,4958,2
1263,177300,SUBMISSION,,STARFRUIT,SEASHELLS,4959,2
1264,177300,SUBMISSION,Rhianna,STARFRUIT,SEASHELLS,4959,2
1265,177900,SUBMISSION,Amelia,AMETHYSTS,SEASHELLS,9999,3
1266,178200,,SUBMISSION,STARFRUIT,SEASHELLS,4962,1
1267,178200,Remy,SUBMISSION,STARFRUIT,SEASHELLS,4962,1
1268,178500,SUBMISSION,Ruby,STARFRUIT,SEASHELLS,4958,9
1269,178500,Valentina,Ruby,STARFRUIT,SEASHELLS,4956,4
1270,178700,Valentina,Adam,STARFRUIT,SEASHELLS,4957,7
1271,178800,Valentina,Rhianna,STARFRUIT,SEASHELLS,4958,4
1272,179500,,SUBMISSION,STARFRUIT,SEASHELLS,4964,1
1273,179600,Remy,Valentina,AMETHYSTS,SEASHELLS,10002,1
1274,179600,Valentina,Adam,STARFRUIT,SEASHELLS,4959,7
1275,180000,Valentina,Remy,STARFRUIT,SEASHELLS,4957,1
1276,180300,,SUBMISSION,STARFRUIT,SEASHELLS,4961,1
1277,180500,SUBMISSION,Remy,STARFRUIT,SEASHELLS,4957,1
1278,180900,SUBMISSION,Rhianna,AMETHYSTS,SEASHELLS,9999,1
1279,180900,SUBMISSION,Rhianna,AMETHYSTS,SEASHELLS,9999,2
1280,181000,Remy,SUBMISSION,AMETHYSTS,SEASHELLS,10000,1
1281,181200,SUBMISSION,,AMETHYSTS,SEASHELLS,9998,10
1282,181200,,SUBMISSION,STARFRUIT,SEASHELLS,4962,1
1283,181400,Valentina,Remy,STARFRUIT,SEASHELLS,4957,1
1284,181500,SUBMISSION,Ruby,STARFRUIT,SEASHELLS,4958,2
1285,181600,Vinnie,Ruby,AMETHYSTS,SEASHELLS,9996,1
1286,181800,Remy,SUBMISSION,AMETHYSTS,SEASHELLS,10001,2
1287,181800,Remy,SUBMISSION,STARFRUIT,SEASHELLS,4960,2
1288,182300,SUBMISSION,,AMETHYSTS,SEASHELLS,9998,3
1289,182300,SUBMISSION,Rhianna,AMETHYSTS,SEASHELLS,9998,3
1290,182300,SUBMISSION,Rhianna,AMETHYSTS,SEASHELLS,9998,1
1291,182500,,SUBMISSION,AMETHYSTS,SEASHELLS,10002,1
1292,182500,Remy,SUBMISSION,AMETHYSTS,SEASHELLS,10002,1
1293,182700,Vinnie,Ruby,AMETHYSTS,SEASHELLS,9996,2
1294,182900,Remy,Valentina,AMETHYSTS,SEASHELLS,10002,1
1295,183100,,SUBMISSION,AMETHYSTS,SEASHELLS,10002,1
1296,183100,Rhianna,SUBMISSION,AMETHYSTS,SEASHELLS,10002,1
1297,183100,SUBMISSION,Remy,STARFRUIT,SEASHELLS,4959,1
1298,183300,,SUBMISSION,AMETHYSTS,SEASHELLS,10002,1
1299,183300,,SUBMISSION,STARFRUIT,SEASHELLS,4962,1
1300,183400,SUBMISSION,Remy,STARFRUIT,SEASHELLS,4958,1
1301,183900,,SUBMISSION,AMETHYSTS,SEASHELLS,10002,1
1302,183900,Remy,SUBMISSION,AMETHYSTS,SEASHELLS,10002,1
1303,184000,,SUBMISSION,STARFRUIT,SEASHELLS,4961,9
1304,184200,SUBMISSION,Remy,STARFRUIT,SEASHELLS,4957,1
1305,184400,Amelia,SUBMISSION,STARFRUIT,SEASHELLS,4958,9
1306,184800,SUBMISSION,Ruby,AMETHYSTS,SEASHELLS,10000,2
1307,185000,SUBMISSION,Remy,AMETHYSTS,SEASHELLS,9998,1
1308,185000,SUBMISSION,Remy,STARFRUIT,SEASHELLS,4957,1
1309,185200,,SUBMISSION,AMETHYSTS,SEASHELLS,10002,1
1310,185500,SUBMISSION,Amelia,STARFRUIT,SEASHELLS,4957,6
1311,185500,Vladimir,Amelia,STARFRUIT,SEASHELLS,4956,1
1312,185500,Valentina,Amelia,STARFRUIT,SEASHELLS,4956,7
1313,186000,SUBMISSION,Remy,AMETHYSTS,SEASHELLS,9998,1
1314,186000,SUBMISSION,Remy,STARFRUIT,SEASHELLS,4957,1
1315,186500,SUBMISSION,Remy,AMETHYSTS,SEASHELLS,9999,1
1316,186500,SUBMISSION,Remy,STARFRUIT,SEASHELLS,4957,1
1317,186800,SUBMISSION,Ruby,AMETHYSTS,SEASHELLS,9999,6
1318,186800,SUBMISSION,Remy,AMETHYSTS,SEASHELLS,9999,1
1319,186800,SUBMISSION,Remy,STARFRUIT,SEASHELLS,4957,1
1320,186900,Amelia,SUBMISSION,AMETHYSTS,SEASHELLS,10003,4
1321,186900,Amelia,Valentina,AMETHYSTS,SEASHELLS,10004,5
1322,186900,Rhianna,Valentina,AMETHYSTS,SEASHELLS,10002,5
1323,186900,Amelia,Vinnie,AMETHYSTS,SEASHELLS,10004,2
1324,187300,Valentina,SUBMISSION,AMETHYSTS,SEASHELLS,9998,2
1325,187300,,SUBMISSION,STARFRUIT,SEASHELLS,4959,1
1326,187300,Remy,SUBMISSION,STARFRUIT,SEASHELLS,4959,1
1327,187400,Ruby,SUBMISSION,STARFRUIT,SEASHELLS,4958,10
1328,187400,Ruby,Valentina,STARFRUIT,SEASHELLS,4961,3
1329,187500,Adam,Remy,STARFRUIT,SEASHELLS,4955,1
1330,187600,Amelia,SUBMISSION,STARFRUIT,SEASHELLS,4958,5
1331,187600,Amelia,Valentina,STARFRUIT,SEASHELLS,4961,10
1332,187700,Remy,SUBMISSION,STARFRUIT,SEASHELLS,4958,1
1333,187900,,SUBMISSION,AMETHYSTS,SEASHELLS,10002,10
1334,187900,,SUBMISSION,AMETHYSTS,SEASHELLS,10002,1
1335,188400,SUBMISSION,Remy,STARFRUIT,SEASHELLS,4956,1
1336,188700,Remy,Valentina,STARFRUIT,SEASHELLS,4958,1
1337,188700,Remy,Valentina,AMETHYSTS,SEASHELLS,10002,1
1338,188900,Remy,Valentina,STARFRUIT,SEASHELLS,4958,1
1339,189000,Remy,Valentina,AMETHYSTS,SEASHELLS,10002,1
1340,189300,SUBMISSION,Remy,STARFRUIT,SEASHELLS,4955,1
1341,189500,SUBMISSION,Ruby,STARFRUIT,SEASHELLS,4955,2
1342,189700,Remy,SUBMISSION,AMETHYSTS,SEASHELLS,10001,1
1343,189700,Remy,SUBMISSION,STARFRUIT,SEASHELLS,4958,1
1344,189800,Amelia,Valentina,STARFRUIT,SEASHELLS,4961,11
1345,189900,SUBMISSION,Remy,AMETHYSTS,SEASHELLS,9999,1
1346,190000,SUBMISSION,,AMETHYSTS,SEASHELLS,9998,5
1347,190400,Ruby,SUBMISSION,AMETHYSTS,SEASHELLS,10000,1
1348,190400,Ruby,SUBMISSION,AMETHYSTS,SEASHELLS,10000,4
1349,190600,SUBMISSION,,AMETHYSTS,SEASHELLS,9998,5
1350,191000,,SUBMISSION,AMETHYSTS,SEASHELLS,10002,1
1351,191300,Ruby,SUBMISSION,STARFRUIT,SEASHELLS,4957,3
1352,191300,Ruby,Valentina,STARFRUIT,SEASHELLS,4960,4
1353,191500,SUBMISSION,Remy,AMETHYSTS,SEASHELLS,9999,2
1354,191500,SUBMISSION,Remy,STARFRUIT,SEASHELLS,4955,2
1355,191600,SUBMISSION,,AMETHYSTS,SEASHELLS,9998,3
1356,191600,SUBMISSION,Rhianna,AMETHYSTS,SEASHELLS,9998,3
1357,191600,SUBMISSION,,STARFRUIT,SEASHELLS,4954,1
1358,191600,SUBMISSION,Remy,STARFRUIT,SEASHELLS,4954,1
1359,191900,,SUBMISSION,AMETHYSTS,SEASHELLS,10002,1
1360,191900,Remy,SUBMISSION,AMETHYSTS,SEASHELLS,10002,1
1361,192100,SUBMISSION,,STARFRUIT,SEASHELLS,4955,3
1362,192400,SUBMISSION,,STARFRUIT,SEASHELLS,4955,8
1363,192700,,SUBMISSION,AMETHYSTS,SEASHELLS,10002,1
1364,192800,,SUBMISSION,STARFRUIT,SEASHELLS,4959,4
1365,193100,SUBMISSION,,STARFRUIT,SEASHELLS,4955,3
1366,193100,SUBMISSION,Remy,STARFRUIT,SEASHELLS,4955,1
1367,193400,Rhianna,Valentina,AMETHYSTS,SEASHELLS,10002,2
1368,193600,Amelia,SUBMISSION,STARFRUIT,SEASHELLS,4957,9
1369,193600,Amelia,Valentina,STARFRUIT,SEASHELLS,4958,1
1370,193600,Amelia,Remy,STARFRUIT,SEASHELLS,4958,2
1371,193600,Amelia,Vladimir,STARFRUIT,SEASHELLS,4958,3
1372,193600,Valentina,Remy,AMETHYSTS,SEASHELLS,9995,2
1373,194300,,SUBMISSION,AMETHYSTS,SEASHELLS,10002,1
1374,194600,Remy,SUBMISSION,AMETHYSTS,SEASHELLS,9998,2
1375,194600,Remy,SUBMISSION,STARFRUIT,SEASHELLS,4955,2
1376,195200,SUBMISSION,,AMETHYSTS,SEASHELLS,9998,5
1377,195300,Ruby,SUBMISSION,STARFRUIT,SEASHELLS,4956,4
1378,195300,Ruby,Valentina,STARFRUIT,SEASHELLS,4958,7
1379,195700,Remy,Valentina,AMETHYSTS,SEASHELLS,10002,1
1380,196100,SUBMISSION,Remy,STARFRUIT,SEASHELLS,4952,1
1381,196400,SUBMISSION,,STARFRUIT,SEASHELLS,4952,1
1382,196400,SUBMISSION,Remy,STARFRUIT,SEASHELLS,4952,1
1383,196600,SUBMISSION,Remy,AMETHYSTS,SEASHELLS,9999,1
1384,196600,Remy,Valentina,STARFRUIT,SEASHELLS,4956,1
1385,196700,SUBMISSION,Remy,AMETHYSTS,SEASHELLS,9999,2
1386,196700,SUBMISSION,,STARFRUIT,SEASHELLS,4953,2
1387,196700,SUBMISSION,Remy,STARFRUIT,SEASHELLS,4953,2
1388,196800,SUBMISSION,,STARFRUIT,SEASHELLS,4952,5
1389,196800,SUBMISSION,Rhianna,STARFRUIT,SEASHELLS,4952,5
1390,196800,Valentina,Rhianna,AMETHYSTS,SEASHELLS,9998,4
1391,197100,Valentina,Rhianna,AMETHYSTS,SEASHELLS,9998,4
1392,197200,,SUBMISSION,AMETHYSTS,SEASHELLS,10002,1
1393,197200,Remy,SUBMISSION,AMETHYSTS,SEASHELLS,10002,1
1394,197300,Remy,SUBMISSION,AMETHYSTS,SEASHELLS,10001,2
1395,197300,Remy,SUBMISSION,STARFRUIT,SEASHELLS,4953,1
1396,197300,Remy,SUBMISSION,STARFRUIT,SEASHELLS,4953,1
1397,197400,Valentina,Rhianna,AMETHYSTS,SEASHELLS,9998,4
1398,197600,Valentina,Remy,AMETHYSTS,SEASHELLS,9998,1
1399,197700,,SUBMISSION,AMETHYSTS,SEASHELLS,10002,8
1400,197900,SUBMISSION,,AMETHYSTS,SEASHELLS,9998,5
1401,197900,SUBMISSION,Rhianna,AMETHYSTS,SEASHELLS,9998,5
1402,198000,Remy,SUBMISSION,AMETHYSTS,SEASHELLS,10001,1
1403,198000,Remy,SUBMISSION,STARFRUIT,SEASHELLS,4953,1
1404,198100,Remy,Valentina,STARFRUIT,SEASHELLS,4954,1
1405,198400,SUBMISSION,Remy,STARFRUIT,SEASHELLS,4950,1
1406,198400,Valentina,SUBMISSION,STARFRUIT,SEASHELLS,4952,2
1407,198500,SUBMISSION,Ruby,STARFRUIT,SEASHELLS,4951,8
1408,198500,Valentina,Ruby,STARFRUIT,SEASHELLS,4949,3
1409,198700,Valentina,Rhianna,AMETHYSTS,SEASHELLS,9998,5
1410,198900,,SUBMISSION,STARFRUIT,SEASHELLS,4954,1
1411,198900,Remy,SUBMISSION,STARFRUIT,SEASHELLS,4954,1
1412,199000,SUBMISSION,Remy,AMETHYSTS,SEASHELLS,9999,1
1413,199000,SUBMISSION,Remy,STARFRUIT,SEASHELLS,4950,1
1414,199000,Rhianna,SUBMISSION,STARFRUIT,SEASHELLS,4952,8
1415,199000,Rhianna,Valentina,STARFRUIT,SEASHELLS,4955,6
1416,199000,Rhianna,Vinnie,STARFRUIT,SEASHELLS,4954,1
1417,199400,Remy,SUBMISSION,AMETHYSTS,SEASHELLS,10000,2
1418,199400,Remy,SUBMISSION,STARFRUIT,SEASHELLS,4953,1
1419,199400,Remy,SUBMISSION,STARFRUIT,SEASHELLS,4953,1
1420,199500,Rhianna,SUBMISSION,STARFRUIT,SEASHELLS,4953,5
1421,199700,,SUBMISSION,AMETHYSTS,SEASHELLS,10002,1
1422,199900,SUBMISSION,Remy,STARFRUIT,SEASHELLS,4951,1
1423,200100,SUBMISSION,Ruby,AMETHYSTS,SEASHELLS,9997,1
1424,200200,Rhianna,SUBMISSION,STARFRUIT,SEASHELLS,4955,3
1425,200300,SUBMISSION,Remy,STARFRUIT,SEASHELLS,4953,1
1426,200300,SUBMISSION,Remy,STARFRUIT,SEASHELLS,4953,1
1427,200300,Vinnie,Remy,AMETHYSTS,SEASHELLS,9996,1
1428,200300,Valentina,Remy,AMETHYSTS,SEASHELLS,9996,1
1429,200400,Ruby,SUBMISSION,AMETHYSTS,SEASHELLS,10001,7
1430,200400,Ruby,SUBMISSION,AMETHYSTS,SEASHELLS,10001,1
1431,200500,Remy,SUBMISSION,AMETHYSTS,SEASHELLS,10001,2
1432,200500,Remy,SUBMISSION,STARFRUIT,SEASHELLS,4956,2
1433,200600,Ruby,SUBMISSION,AMETHYSTS,SEASHELLS,10000,2
1434,200600,Ruby,SUBMISSION,AMETHYSTS,SEASHELLS,10000,1
1435,200600,SUBMISSION,Remy,STARFRUIT,SEASHELLS,4954,2
1436,201700,SUBMISSION,,AMETHYSTS,SEASHELLS,9998,1
1437,201700,SUBMISSION,Rhianna,AMETHYSTS,SEASHELLS,9998,1
1438,201700,SUBMISSION,Ruby,AMETHYSTS,SEASHELLS,9998,2
1439,201700,SUBMISSION,Ruby,AMETHYSTS,SEASHELLS,9998,1
1440,201900,SUBMISSION,,AMETHYSTS,SEASHELLS,9998,1
1441,201900,SUBMISSION,Remy,AMETHYSTS,SEASHELLS,9998,1
1442,202300,Amelia,SUBMISSION,STARFRUIT,SEASHELLS,4958,4
1443,202300,Amelia,Valentina,STARFRUIT,SEASHELLS,4961,4
1444,202400,SUBMISSION,Remy,STARFRUIT,SEASHELLS,4956,1
1445,202800,SUBMISSION,,AMETHYSTS,SEASHELLS,9998,1
1446,202800,SUBMISSION,Remy,AMETHYSTS,SEASHELLS,9998,1
1447,202900,SUBMISSION,Remy,AMETHYSTS,SEASHELLS,9999,1
1448,202900,SUBMISSION,Remy,STARFRUIT,SEASHELLS,4957,2
1449,203100,,SUBMISSION,AMETHYSTS,SEASHELLS,10002,4
1450,203200,SUBMISSION,,STARFRUIT,SEASHELLS,4957,2
1451,203600,Valentina,SUBMISSION,STARFRUIT,SEASHELLS,4957,2
1452,203800,SUBMISSION,,AMETHYSTS,SEASHELLS,9998,1
1453,203800,SUBMISSION,Remy,AMETHYSTS,SEASHELLS,9998,1
1454,203900,Remy,SUBMISSION,AMETHYSTS,SEASHELLS,9998,2
1455,203900,Remy,SUBMISSION,STARFRUIT,SEASHELLS,4959,2
1456,204200,Remy,SUBMISSION,AMETHYSTS,SEASHELLS,10001,1
1457,204200,Adam,Valentina,STARFRUIT,SEASHELLS,4961,4
1458,204200,Adam,Rhianna,STARFRUIT,SEASHELLS,4958,4
1459,204200,Amelia,Valentina,STARFRUIT,SEASHELLS,4963,11
1460,204400,Remy,SUBMISSION,AMETHYSTS,SEASHELLS,10000,1
1461,204600,Vinnie,Amelia,AMETHYSTS,SEASHELLS,10000,3
1462,204800,SUBMISSION,Remy,AMETHYSTS,SEASHELLS,9998,1
1463,204800,SUBMISSION,Rhianna,AMETHYSTS,SEASHELLS,9998,4
1464,204800,Adam,SUBMISSION,AMETHYSTS,SEASHELLS,10000,6
1465,204800,SUBMISSION,,STARFRUIT,SEASHELLS,4958,1
1466,204900,Remy,Valentina,STARFRUIT,SEASHELLS,4961,1
1467,205000,SUBMISSION,,STARFRUIT,SEASHELLS,4958,4
1468,205200,SUBMISSION,Remy,AMETHYSTS,SEASHELLS,9999,2
1469,205200,SUBMISSION,Remy,STARFRUIT,SEASHELLS,4958,2
1470,205300,Remy,SUBMISSION,AMETHYSTS,SEASHELLS,10001,1
1471,205300,Remy,SUBMISSION,STARFRUIT,SEASHELLS,4960,1
1472,205600,SUBMISSION,Ruby,AMETHYSTS,SEASHELLS,9999,7
1473,205600,Valentina,Ruby,AMETHYSTS,SEASHELLS,9995,1
1474,205900,SUBMISSION,Rhianna,AMETHYSTS,SEASHELLS,9999,1
1475,206200,Valentina,Remy,AMETHYSTS,SEASHELLS,9998,1
1476,206400,SUBMISSION,Remy,AMETHYSTS,SEASHELLS,9999,1
1477,206400,SUBMISSION,Remy,STARFRUIT,SEASHELLS,4959,1
1478,206600,,SUBMISSION,AMETHYSTS,SEASHELLS,10002,1
1479,206600,SUBMISSION,Ruby,STARFRUIT,SEASHELLS,4958,1
1480,206600,SUBMISSION,Ruby,STARFRUIT,SEASHELLS,4958,3
1481,207100,Remy,SUBMISSION,AMETHYSTS,SEASHELLS,10001,2
1482,207100,Remy,SUBMISSION,STARFRUIT,SEASHELLS,4961,2
1483,207200,SUBMISSION,Remy,STARFRUIT,SEASHELLS,4958,1
1484,207300,SUBMISSION,Remy,STARFRUIT,SEASHELLS,4958,1
1485,207700,Remy,Valentina,STARFRUIT,SEASHELLS,4963,1
1486,207800,SUBMISSION,,AMETHYSTS,SEASHELLS,9998,4
1487,207800,SUBMISSION,Rhianna,AMETHYSTS,SEASHELLS,9998,4
1488,208000,SUBMISSION,Remy,STARFRUIT,SEASHELLS,4960,1
1489,208100,Ruby,SUBMISSION,STARFRUIT,SEASHELLS,4962,9
1490,208100,Ruby,Valentina,STARFRUIT,SEASHELLS,4965,5
1491,208200,Remy,Valentina,STARFRUIT,SEASHELLS,4963,1
1492,208400,SUBMISSION,Remy,STARFRUIT,SEASHELLS,4959,1
1493,208500,Valentina,Remy,AMETHYSTS,SEASHELLS,9998,1
1494,208600,,SUBMISSION,AMETHYSTS,SEASHELLS,10002,9
1495,209000,SUBMISSION,,AMETHYSTS,SEASHELLS,9998,4
1496,209000,SUBMISSION,Rhianna,AMETHYSTS,SEASHELLS,9998,4
1497,209300,SUBMISSION,Remy,AMETHYSTS,SEASHELLS,9998,1
1498,209300,SUBMISSION,Remy,STARFRUIT,SEASHELLS,4960,1
1499,209600,SUBMISSION,,STARFRUIT,SEASHELLS,4959,1
1500,209600,SUBMISSION,Remy,STARFRUIT,SEASHELLS,4959,1
1501,209700,SUBMISSION,,STARFRUIT,SEASHELLS,4960,5
1502,209700,SUBMISSION,Rhianna,STARFRUIT,SEASHELLS,4960,5
1503,209900,SUBMISSION,Remy,AMETHYSTS,SEASHELLS,9998,2
1504,209900,SUBMISSION,Remy,STARFRUIT,SEASHELLS,4960,2
1505,210000,SUBMISSION,Ruby,AMETHYSTS,SEASHELLS,9996,4
1506,210000,Valentina,SUBMISSION,AMETHYSTS,SEASHELLS,9998,1
1507,210000,Valentina,SUBMISSION,STARFRUIT,SEASHELLS,4961,3
1508,210100,,SUBMISSION,STARFRUIT,SEASHELLS,4962,5
1509,210200,Amelia,SUBMISSION,STARFRUIT,SEASHELLS,4961,8
1510,210200,Amelia,Valentina,STARFRUIT,SEASHELLS,4964,3
1511,210400,Remy,Adam,AMETHYSTS,SEASHELLS,10002,1
1512,210900,SUBMISSION,,STARFRUIT,SEASHELLS,4958,1
1513,211300,Remy,Valentina,STARFRUIT,SEASHELLS,4963,1
1514,211400,SUBMISSION,,STARFRUIT,SEASHELLS,4959,1
1515,212500,Remy,Valentina,STARFRUIT,SEASHELLS,4964,1
1516,212700,SUBMISSION,Ruby,AMETHYSTS,SEASHELLS,9999,2
1517,212700,SUBMISSION,Remy,STARFRUIT,SEASHELLS,4960,1
1518,212800,,SUBMISSION,AMETHYSTS,SEASHELLS,10002,3
1519,212800,Rhianna,SUBMISSION,AMETHYSTS,SEASHELLS,10002,3
1520,212900,Valentina,Rhianna,AMETHYSTS,SEASHELLS,9998,5
1521,213100,Vladimir,Rhianna,AMETHYSTS,SEASHELLS,9998,1
1522,213100,Valentina,Rhianna,AMETHYSTS,SEASHELLS,9998,3
1523,213400,SUBMISSION,Rhianna,AMETHYSTS,SEASHELLS,9999,2
1524,214400,Amelia,SUBMISSION,AMETHYSTS,SEASHELLS,10001,2
1525,214600,SUBMISSION,Remy,AMETHYSTS,SEASHELLS,9999,1
1526,214700,SUBMISSION,Remy,STARFRUIT,SEASHELLS,4959,1
1527,214800,Valentina,SUBMISSION,STARFRUIT,SEASHELLS,4959,3
1528,214900,SUBMISSION,,STARFRUIT,SEASHELLS,4957,1
1529,215100,Remy,SUBMISSION,AMETHYSTS,SEASHELLS,10001,2
1530,215100,Remy,SUBMISSION,STARFRUIT,SEASHELLS,4960,2
1531,215200,Remy,SUBMISSION,AMETHYSTS,SEASHELLS,9999,1
1532,215200,Valentina,SUBMISSION,STARFRUIT,SEASHELLS,4959,4
1533,215200,Valentina,Vinnie,STARFRUIT,SEASHELLS,4959,1
1534,215400,Valentina,SUBMISSION,STARFRUIT,SEASHELLS,4958,2
1535,215400,Valentina,Vinnie,STARFRUIT,SEASHELLS,4958,1
1536,216300,,SUBMISSION,AMETHYSTS,SEASHELLS,10002,3
1537,216400,Valentina,SUBMISSION,STARFRUIT,SEASHELLS,4957,1
1538,216400,Valentina,Vinnie,STARFRUIT,SEASHELLS,4957,5
1539,216500,Remy,SUBMISSION,AMETHYSTS,SEASHELLS,10001,1
1540,216500,SUBMISSION,Remy,STARFRUIT,SEASHELLS,4957,1
1541,216700,SUBMISSION,Remy,STARFRUIT,SEASHELLS,4957,1
1542,216700,Valentina,Ruby,STARFRUIT,SEASHELLS,4955,8
1543,217100,Remy,SUBMISSION,AMETHYSTS,SEASHELLS,10001,1
1544,217100,SUBMISSION,,STARFRUIT,SEASHELLS,4956,3
1545,217100,SUBMISSION,Rhianna,STARFRUIT,SEASHELLS,4956,1
1546,217100,SUBMISSION,Rhianna,STARFRUIT,SEASHELLS,4956,2
1547,217500,,SUBMISSION,AMETHYSTS,SEASHELLS,10002,1
1548,217500,Remy,SUBMISSION,AMETHYSTS,SEASHELLS,10002,1
1549,217600,SUBMISSION,,STARFRUIT,SEASHELLS,4958,2
1550,217900,SUBMISSION,Remy,AMETHYSTS,SEASHELLS,9999,1
1551,217900,SUBMISSION,Remy,STARFRUIT,SEASHELLS,4959,1
1552,218100,Valentina,Remy,AMETHYSTS,SEASHELLS,9998,1
1553,218400,Remy,SUBMISSION,AMETHYSTS,SEASHELLS,10001,1
1554,218400,Remy,Valentina,STARFRUIT,SEASHELLS,4964,1
1555,219500,Remy,Ruby,STARFRUIT,SEASHELLS,4959,1
1556,219700,SUBMISSION,,AMETHYSTS,SEASHELLS,9998,1
1557,219900,Remy,Valentina,STARFRUIT,SEASHELLS,4958,1
1558,220100,SUBMISSION,Remy,AMETHYSTS,SEASHELLS,9999,1
1559,220100,Remy,Remy,STARFRUIT,SEASHELLS,4958,1
1560,220300,,SUBMISSION,AMETHYSTS,SEASHELLS,10002,1
1561,220300,Remy,SUBMISSION,AMETHYSTS,SEASHELLS,10002,1
1562,220300,SUBMISSION,Remy,STARFRUIT,SEASHELLS,4954,2
1563,220800,SUBMISSION,,STARFRUIT,SEASHELLS,4954,1
1564,220800,SUBMISSION,Remy,STARFRUIT,SEASHELLS,4954,1
1565,221500,Remy,Valentina,STARFRUIT,SEASHELLS,4958,1
1566,221700,SUBMISSION,Remy,STARFRUIT,SEASHELLS,4954,1
1567,221800,SUBMISSION,Amelia,STARFRUIT,SEASHELLS,4954,9
1568,221800,Valentina,SUBMISSION,STARFRUIT,SEASHELLS,4956,6
1569,221800,Valentina,Amelia,STARFRUIT,SEASHELLS,4953,3
1570,221900,SUBMISSION,,AMETHYSTS,SEASHELLS,9998,1
1571,221900,,SUBMISSION,STARFRUIT,SEASHELLS,4958,1
1572,222500,Remy,SUBMISSION,STARFRUIT,SEASHELLS,4958,2
1573,222500,Remy,Remy,AMETHYSTS,SEASHELLS,9998,1
1574,222600,,SUBMISSION,AMETHYSTS,SEASHELLS,10002,4
1575,222600,Rhianna,SUBMISSION,AMETHYSTS,SEASHELLS,10002,1
1576,222900,Ruby,SUBMISSION,AMETHYSTS,SEASHELLS,10001,8
1577,223200,SUBMISSION,Remy,STARFRUIT,SEASHELLS,4957,1
1578,223200,Rhianna,Valentina,AMETHYSTS,SEASHELLS,10002,1
1579,223400,,SUBMISSION,STARFRUIT,SEASHELLS,4960,1
1580,223400,Remy,SUBMISSION,STARFRUIT,SEASHELLS,4960,1
1581,223900,Amelia,SUBMISSION,STARFRUIT,SEASHELLS,4957,8
1582,223900,Rhianna,Valentina,AMETHYSTS,SEASHELLS,10002,3
1583,223900,Amelia,Valentina,STARFRUIT,SEASHELLS,4960,7
1584,224300,Remy,SUBMISSION,AMETHYSTS,SEASHELLS,10001,2
1585,224300,Remy,SUBMISSION,STARFRUIT,SEASHELLS,4957,2
1586,224500,Remy,SUBMISSION,AMETHYSTS,SEASHELLS,10002,1
1587,224500,Remy,SUBMISSION,STARFRUIT,SEASHELLS,4958,1
1588,224600,SUBMISSION,Remy,STARFRUIT,SEASHELLS,4955,1
1589,224800,Ruby,SUBMISSION,AMETHYSTS,SEASHELLS,10001,3
1590,224800,Ruby,Valentina,AMETHYSTS,SEASHELLS,10005,4
1591,224900,SUBMISSION,Remy,STARFRUIT,SEASHELLS,4956,1
1592,225000,Rhianna,Valentina,STARFRUIT,SEASHELLS,4958,4
1593,225500,Valentina,SUBMISSION,STARFRUIT,SEASHELLS,4955,3
1594,225800,SUBMISSION,Remy,STARFRUIT,SEASHELLS,4955,1
1595,226000,SUBMISSION,Remy,AMETHYSTS,SEASHELLS,9999,1
1596,226000,SUBMISSION,Remy,STARFRUIT,SEASHELLS,4954,2
1597,226000,Valentina,Remy,AMETHYSTS,SEASHELLS,9995,1
1598,226100,Remy,SUBMISSION,AMETHYSTS,SEASHELLS,10001,1
1599,226100,Remy,SUBMISSION,STARFRUIT,SEASHELLS,4956,1
1600,226300,Remy,SUBMISSION,AMETHYSTS,SEASHELLS,10000,1
1601,226300,Adam,Valentina,STARFRUIT,SEASHELLS,4956,5
1602,226300,Adam,Ruby,STARFRUIT,SEASHELLS,4956,5
1603,226500,Remy,Valentina,AMETHYSTS,SEASHELLS,10002,1
1604,226700,SUBMISSION,Remy,STARFRUIT,SEASHELLS,4953,1
1605,226800,Remy,SUBMISSION,STARFRUIT,SEASHELLS,4953,1
1606,226800,Valentina,SUBMISSION,STARFRUIT,SEASHELLS,4953,3
1607,226800,Valentina,Vinnie,STARFRUIT,SEASHELLS,4953,1
1608,226900,SUBMISSION,,STARFRUIT,SEASHELLS,4951,2
1609,227400,SUBMISSION,Rhianna,AMETHYSTS,SEASHELLS,9999,1
1610,227400,Vladimir,Rhianna,AMETHYSTS,SEASHELLS,9998,4
1611,227500,SUBMISSION,Remy,STARFRUIT,SEASHELLS,4952,1
1612,227600,SUBMISSION,Ruby,AMETHYSTS,SEASHELLS,9999,1
1613,227600,Vladimir,Ruby,AMETHYSTS,SEASHELLS,9998,2
1614,227600,Vladimir,Remy,AMETHYSTS,SEASHELLS,9998,1
1615,227600,Valentina,Ruby,AMETHYSTS,SEASHELLS,9998,3
1616,227600,Remy,Valentina,STARFRUIT,SEASHELLS,4955,1
1617,227700,SUBMISSION,Rhianna,AMETHYSTS,SEASHELLS,9999,2
1618,227700,Remy,SUBMISSION,AMETHYSTS,SEASHELLS,10001,1
1619,227700,Remy,SUBMISSION,STARFRUIT,SEASHELLS,4954,1
1620,227700,Vladimir,Rhianna,AMETHYSTS,SEASHELLS,9998,2
1621,227800,SUBMISSION,Remy,STARFRUIT,SEASHELLS,4951,1
1622,227900,Remy,Valentina,STARFRUIT,SEASHELLS,4954,1
1623,228300,SUBMISSION,Rhianna,AMETHYSTS,SEASHELLS,9999,2
1624,228300,Vladimir,Rhianna,AMETHYSTS,SEASHELLS,9998,2
1625,228500,SUBMISSION,,AMETHYSTS,SEASHELLS,9998,1
1626,228600,SUBMISSION,,AMETHYSTS,SEASHELLS,9998,5
1627,228700,SUBMISSION,Remy,AMETHYSTS,SEASHELLS,9999,1
1628,229200,Ruby,SUBMISSION,AMETHYSTS,SEASHELLS,10001,7
1629,229200,Ruby,Valentina,AMETHYSTS,SEASHELLS,10005,1
1630,229500,SUBMISSION,,AMETHYSTS,SEASHELLS,9998,10
1631,229600,Ruby,SUBMISSION,AMETHYSTS,SEASHELLS,10000,4
1632,230000,Remy,Valentina,AMETHYSTS,SEASHELLS,10002,1
1633,230400,SUBMISSION,,STARFRUIT,SEASHELLS,4951,1
1634,230400,SUBMISSION,Remy,STARFRUIT,SEASHELLS,4951,1
1635,230600,SUBMISSION,Remy,AMETHYSTS,SEASHELLS,9999,2
1636,230600,Rhianna,Valentina,STARFRUIT,SEASHELLS,4954,2
1637,230600,Remy,Vladimir,STARFRUIT,SEASHELLS,4955,1
1638,230600,Rhianna,Remy,STARFRUIT,SEASHELLS,4954,2
1639,231100,SUBMISSION,,AMETHYSTS,SEASHELLS,9998,10
1640,231100,Remy,Valentina,STARFRUIT,SEASHELLS,4956,1
1641,231500,,SUBMISSION,AMETHYSTS,SEASHELLS,10002,6
1642,231500,SUBMISSION,,STARFRUIT,SEASHELLS,4954,2
1643,232500,SUBMISSION,Remy,STARFRUIT,SEASHELLS,4955,1
1644,232700,SUBMISSION,,AMETHYSTS,SEASHELLS,9998,2
1645,232700,SUBMISSION,Rhianna,AMETHYSTS,SEASHELLS,9998,2
1646,232700,SUBMISSION,,STARFRUIT,SEASHELLS,4953,1
1647,232700,SUBMISSION,Remy,STARFRUIT,SEASHELLS,4953,1
1648,233000,Valentina,Rhianna,AMETHYSTS,SEASHELLS,9998,4
1649,233100,Remy,SUBMISSION,AMETHYSTS,SEASHELLS,10000,1
1650,233100,Remy,SUBMISSION,STARFRUIT,SEASHELLS,4958,1
1651,233200,Valentina,SUBMISSION,AMETHYSTS,SEASHELLS,9998,1
1652,233500,Remy,SUBMISSION,AMETHYSTS,SEASHELLS,10001,1
1653,233600,SUBMISSION,,AMETHYSTS,SEASHELLS,9998,1
1654,233900,SUBMISSION,Ruby,STARFRUIT,SEASHELLS,4955,4
1655,234500,SUBMISSION,Remy,AMETHYSTS,SEASHELLS,9999,1
1656,234500,SUBMISSION,Remy,STARFRUIT,SEASHELLS,4956,1
1657,234800,Valentina,Rhianna,AMETHYSTS,SEASHELLS,9998,1
1658,235000,,SUBMISSION,AMETHYSTS,SEASHELLS,10002,1
1659,235300,SUBMISSION,,AMETHYSTS,SEASHELLS,9998,1
1660,235400,Valentina,Remy,AMETHYSTS,SEASHELLS,9998,1
1661,235400,Remy,Valentina,STARFRUIT,SEASHELLS,4960,1
1662,235700,,SUBMISSION,AMETHYSTS,SEASHELLS,10002,1
1663,235700,Remy,SUBMISSION,AMETHYSTS,SEASHELLS,10002,1
1664,235800,SUBMISSION,,STARFRUIT,SEASHELLS,4957,3
1665,236100,SUBMISSION,,AMETHYSTS,SEASHELLS,9998,1
1666,236100,SUBMISSION,Amelia,AMETHYSTS,SEASHELLS,9998,9
1667,236100,SUBMISSION,Amelia,AMETHYSTS,SEASHELLS,9997,3
1668,236100,SUBMISSION,Ruby,AMETHYSTS,SEASHELLS,9997,5
1669,236100,Valentina,Remy,AMETHYSTS,SEASHELLS,9998,1
1670,236400,SUBMISSION,Remy,AMETHYSTS,SEASHELLS,9996,1
1671,236400,Valentina,SUBMISSION,AMETHYSTS,SEASHELLS,9998,1
1672,236400,SUBMISSION,Remy,STARFRUIT,SEASHELLS,4958,2
1673,236400,Vinnie,Remy,AMETHYSTS,SEASHELLS,9996,1
1674,236500,SUBMISSION,Ruby,AMETHYSTS,SEASHELLS,9999,1
1675,236500,SUBMISSION,Remy,STARFRUIT,SEASHELLS,4959,1
1676,236500,Amelia,SUBMISSION,STARFRUIT,SEASHELLS,4961,8
1677,236500,Valentina,Ruby,AMETHYSTS,SEASHELLS,9995,1
1678,236500,Amelia,Valentina,STARFRUIT,SEASHELLS,4964,5
1679,236600,Vinnie,Ruby,AMETHYSTS,SEASHELLS,10000,3
1680,236700,SUBMISSION,,STARFRUIT,SEASHELLS,4957,1
1681,236700,SUBMISSION,Remy,STARFRUIT,SEASHELLS,4957,1
1682,236900,Valentina,SUBMISSION,STARFRUIT,SEASHELLS,4958,4
1683,237000,Remy,SUBMISSION,STARFRUIT,SEASHELLS,4959,1
1684,237000,Remy,Valentina,AMETHYSTS,SEASHELLS,10005,1
1685,237000,Ruby,Vinnie,AMETHYSTS,SEASHELLS,10004,1
1686,237100,Valentina,Remy,AMETHYSTS,SEASHELLS,9998,1
1687,237100,Valentina,Ruby,AMETHYSTS,SEASHELLS,9995,4
1688,237200,SUBMISSION,,STARFRUIT,SEASHELLS,4956,6
1689,237200,SUBMISSION,Adam,STARFRUIT,SEASHELLS,4956,1
1690,237700,SUBMISSION,Remy,STARFRUIT,SEASHELLS,4957,1
1691,237900,Remy,SUBMISSION,STARFRUIT,SEASHELLS,4959,1
1692,237900,Remy,Vinnie,AMETHYSTS,SEASHELLS,10004,1
1693,238000,Remy,SUBMISSION,STARFRUIT,SEASHELLS,4959,1
1694,238000,Remy,Vinnie,AMETHYSTS,SEASHELLS,10004,1
1695,238300,Amelia,SUBMISSION,STARFRUIT,SEASHELLS,4959,9
1696,238300,Amelia,Valentina,STARFRUIT,SEASHELLS,4961,4
1697,238700,,SUBMISSION,AMETHYSTS,SEASHELLS,10002,1
1698,238700,Remy,SUBMISSION,AMETHYSTS,SEASHELLS,10002,1
1699,238700,SUBMISSION,Remy,STARFRUIT,SEASHELLS,4955,2
1700,239100,SUBMISSION,Remy,STARFRUIT,SEASHELLS,4954,1
1701,239200,Remy,Valentina,STARFRUIT,SEASHELLS,4958,1
1702,239300,Rhianna,SUBMISSION,STARFRUIT,SEASHELLS,4956,5
1703,239400,,SUBMISSION,AMETHYSTS,SEASHELLS,10002,1
1704,239400,Remy,SUBMISSION,AMETHYSTS,SEASHELLS,10002,1
1705,239800,SUBMISSION,Remy,AMETHYSTS,SEASHELLS,9999,1
1706,240100,SUBMISSION,Remy,AMETHYSTS,SEASHELLS,9999,1
1707,240700,Vladimir,Rhianna,AMETHYSTS,SEASHELLS,9998,1
1708,241000,SUBMISSION,Remy,STARFRUIT,SEASHELLS,4955,1
1709,241200,SUBMISSION,Remy,STARFRUIT,SEASHELLS,4956,1
1710,241200,Amelia,Rhianna,AMETHYSTS,SEASHELLS,9998,3
1711,241300,Vladimir,Adam,AMETHYSTS,SEASHELLS,9998,8
1712,241300,Valentina,Adam,AMETHYSTS,SEASHELLS,9998,4
1713,241400,SUBMISSION,Amelia,AMETHYSTS,SEASHELLS,9999,1
1714,241400,Valentina,Amelia,AMETHYSTS,SEASHELLS,9996,9
1715,241500,SUBMISSION,Remy,STARFRUIT,SEASHELLS,4956,1
1716,241600,Valentina,SUBMISSION,STARFRUIT,SEASHELLS,4957,2
1717,241700,Remy,SUBMISSION,AMETHYSTS,SEASHELLS,10000,1
1718,241700,Remy,SUBMISSION,STARFRUIT,SEASHELLS,4957,2
1719,241700,Remy,Vladimir,AMETHYSTS,SEASHELLS,10002,1
1720,241800,Rhianna,SUBMISSION,AMETHYSTS,SEASHELLS,10001,1
1721,242200,Valentina,Remy,AMETHYSTS,SEASHELLS,9998,1
1722,242300,,SUBMISSION,AMETHYSTS,SEASHELLS,10002,1
1723,242300,Remy,SUBMISSION,AMETHYSTS,SEASHELLS,10002,1
1724,242400,SUBMISSION,Amelia,STARFRUIT,SEASHELLS,4956,3
1725,242400,Valentina,Amelia,STARFRUIT,SEASHELLS,4954,8
1726,242600,Remy,Valentina,STARFRUIT,SEASHELLS,4958,1
1727,242800,Ruby,SUBMISSION,AMETHYSTS,SEASHELLS,10001,3
1728,242800,Ruby,Valentina,AMETHYSTS,SEASHELLS,10005,5
1729,242900,Remy,SUBMISSION,STARFRUIT,SEASHELLS,4957,1
1730,243100,SUBMISSION,Remy,STARFRUIT,SEASHELLS,4955,1
1731,243200,Ruby,SUBMISSION,AMETHYSTS,SEASHELLS,10001,4
1732,243200,SUBMISSION,,STARFRUIT,SEASHELLS,4953,3
1733,243200,SUBMISSION,Rhianna,STARFRUIT,SEASHELLS,4953,3
1734,243300,SUBMISSION,Rhianna,AMETHYSTS,SEASHELLS,9999,3
1735,243400,SUBMISSION,Remy,AMETHYSTS,SEASHELLS,9999,1
1736,243400,Remy,Remy,STARFRUIT,SEASHELLS,4957,1
1737,243600,Ruby,Valentina,STARFRUIT,SEASHELLS,4959,10
1738,243600,Adam,Remy,STARFRUIT,SEASHELLS,4952,1
1739,243600,Adam,Valentina,STARFRUIT,SEASHELLS,4957,6
1740,243700,SUBMISSION,Remy,AMETHYSTS,SEASHELLS,9999,1
1741,243700,SUBMISSION,Remy,STARFRUIT,SEASHELLS,4954,2
1742,243900,,SUBMISSION,AMETHYSTS,SEASHELLS,10002,10
1743,243900,,SUBMISSION,AMETHYSTS,SEASHELLS,10002,2
1744,244100,SUBMISSION,,AMETHYSTS,SEASHELLS,9998,1
1745,244100,SUBMISSION,Remy,AMETHYSTS,SEASHELLS,9998,1
1746,244300,SUBMISSION,Amelia,STARFRUIT,SEASHELLS,4954,8
1747,244400,Valentina,Remy,AMETHYSTS,SEASHELLS,9998,1
1748,244700,,SUBMISSION,STARFRUIT,SEASHELLS,4958,1
1749,244700,Remy,SUBMISSION,STARFRUIT,SEASHELLS,4958,1
1750,244900,Remy,SUBMISSION,AMETHYSTS,SEASHELLS,9999,1
1751,245000,Amelia,SUBMISSION,AMETHYSTS,SEASHELLS,10000,8
1752,245200,SUBMISSION,Remy,STARFRUIT,SEASHELLS,4956,1
1753,245300,SUBMISSION,Amelia,STARFRUIT,SEASHELLS,4956,7
1754,245300,Valentina,Amelia,STARFRUIT,SEASHELLS,4954,5
1755,245600,,SUBMISSION,STARFRUIT,SEASHELLS,4960,9
1756,246100,Rhianna,Valentina,AMETHYSTS,SEASHELLS,10002,3
1757,246200,Rhianna,Valentina,AMETHYSTS,SEASHELLS,10002,3
1758,246700,Valentina,Rhianna,STARFRUIT,SEASHELLS,4957,4
1759,246900,,SUBMISSION,STARFRUIT,SEASHELLS,4961,1
1760,247100,Valentina,SUBMISSION,AMETHYSTS,SEASHELLS,9998,1
1761,247300,SUBMISSION,Remy,STARFRUIT,SEASHELLS,4958,1
1762,247400,Remy,SUBMISSION,STARFRUIT,SEASHELLS,4960,1
1763,247600,SUBMISSION,Rhianna,AMETHYSTS,SEASHELLS,9999,2
1764,247600,SUBMISSION,Ruby,AMETHYSTS,SEASHELLS,9999,1
1765,247600,SUBMISSION,Ruby,AMETHYSTS,SEASHELLS,9999,3
1766,247600,Valentina,Ruby,AMETHYSTS,SEASHELLS,9998,1
1767,247600,Valentina,Remy,STARFRUIT,SEASHELLS,4957,1
1768,247700,SUBMISSION,,AMETHYSTS,SEASHELLS,9998,5
1769,247700,SUBMISSION,Adam,AMETHYSTS,SEASHELLS,9998,5
1770,247700,SUBMISSION,Remy,AMETHYSTS,SEASHELLS,9997,2
1771,247700,SUBMISSION,Remy,STARFRUIT,SEASHELLS,4958,2
1772,247700,Vladimir,Adam,AMETHYSTS,SEASHELLS,9998,1
1773,247900,SUBMISSION,Amelia,AMETHYSTS,SEASHELLS,9999,5
1774,247900,Valentina,Amelia,AMETHYSTS,SEASHELLS,9996,4
1775,247900,Vinnie,Amelia,AMETHYSTS,SEASHELLS,9996,1
1776,248400,SUBMISSION,Remy,AMETHYSTS,SEASHELLS,9999,1
1777,248400,SUBMISSION,Remy,STARFRUIT,SEASHELLS,4958,1
1778,248700,Valentina,Remy,AMETHYSTS,SEASHELLS,9998,1
1779,248700,Valentina,Adam,STARFRUIT,SEASHELLS,4956,10
1780,249000,,SUBMISSION,AMETHYSTS,SEASHELLS,10002,1
1781,249000,Remy,SUBMISSION,AMETHYSTS,SEASHELLS,10002,1
1782,249300,Valentina,Remy,AMETHYSTS,SEASHELLS,9998,1
1783,249400,SUBMISSION,Remy,AMETHYSTS,SEASHELLS,9999,1
1784,249400,SUBMISSION,Remy,STARFRUIT,SEASHELLS,4958,1
1785,249800,,SUBMISSION,AMETHYSTS,SEASHELLS,10002,1
1786,249800,Remy,SUBMISSION,AMETHYSTS,SEASHELLS,10002,1
1787,249900,,SUBMISSION,AMETHYSTS,SEASHELLS,10002,1
1788,249900,Remy,SUBMISSION,AMETHYSTS,SEASHELLS,10002,1
1789,249900,,SUBMISSION,STARFRUIT,SEASHELLS,4960,1
1790,249900,Remy,SUBMISSION,STARFRUIT,SEASHELLS,4960,1
1791,250200,,SUBMISSION,STARFRUIT,SEASHELLS,4960,1
1792,250500,,SUBMISSION,AMETHYSTS,SEASHELLS,10002,1
1793,250500,Remy,SUBMISSION,AMETHYSTS,SEASHELLS,10002,2
1794,250500,Rhianna,SUBMISSION,AMETHYSTS,SEASHELLS,10002,1
1795,250500,Remy,SUBMISSION,STARFRUIT,SEASHELLS,4959,2
1796,250600,,SUBMISSION,STARFRUIT,SEASHELLS,4960,1
1797,250600,Remy,SUBMISSION,STARFRUIT,SEASHELLS,4960,1
1798,250700,SUBMISSION,Rhianna,AMETHYSTS,SEASHELLS,10000,3
1799,251100,,SUBMISSION,AMETHYSTS,SEASHELLS,10002,5
1800,251100,Rhianna,SUBMISSION,AMETHYSTS,SEASHELLS,10002,5
1801,251300,SUBMISSION,Remy,STARFRUIT,SEASHELLS,4956,1
1802,251500,,SUBMISSION,AMETHYSTS,SEASHELLS,10002,1
1803,251700,SUBMISSION,,AMETHYSTS,SEASHELLS,9998,1
1804,251700,SUBMISSION,Ruby,AMETHYSTS,SEASHELLS,9998,2
1805,251700,SUBMISSION,Remy,AMETHYSTS,SEASHELLS,9998,1
1806,251700,SUBMISSION,Ruby,AMETHYSTS,SEASHELLS,9998,2
1807,251900,SUBMISSION,,STARFRUIT,SEASHELLS,4955,8
1808,251900,SUBMISSION,Adam,STARFRUIT,SEASHELLS,4955,2
1809,251900,SUBMISSION,Adam,STARFRUIT,SEASHELLS,4955,6
1810,251900,SUBMISSION,Ruby,STARFRUIT,SEASHELLS,4955,4
1811,251900,Valentina,Ruby,STARFRUIT,SEASHELLS,4954,11
1812,252000,,SUBMISSION,AMETHYSTS,SEASHELLS,10002,10
1813,252000,,SUBMISSION,AMETHYSTS,SEASHELLS,10002,1
1814,252300,Ruby,SUBMISSION,AMETHYSTS,SEASHELLS,10000,5
1815,252400,Valentina,Vinnie,STARFRUIT,SEASHELLS,4957,2
1816,252600,SUBMISSION,,AMETHYSTS,SEASHELLS,9998,1
1817,252800,SUBMISSION,Remy,AMETHYSTS,SEASHELLS,9999,2
1818,252800,Valentina,Remy,STARFRUIT,SEASHELLS,4956,2
1819,253400,SUBMISSION,,AMETHYSTS,SEASHELLS,9998,5
1820,253500,SUBMISSION,Remy,AMETHYSTS,SEASHELLS,9999,1
1821,253500,Vinnie,Remy,STARFRUIT,SEASHELLS,4955,1
1822,253700,Valentina,Remy,STARFRUIT,SEASHELLS,4955,1
1823,253800,Remy,SUBMISSION,AMETHYSTS,SEASHELLS,10000,1
1824,254000,Remy,SUBMISSION,AMETHYSTS,SEASHELLS,10001,2
1825,254000,Remy,Valentina,STARFRUIT,SEASHELLS,4962,2
1826,254400,Valentina,Vinnie,STARFRUIT,SEASHELLS,4958,3
1827,254700,Remy,SUBMISSION,AMETHYSTS,SEASHELLS,10001,1
1828,254700,Remy,Valentina,STARFRUIT,SEASHELLS,4963,1
1829,254800,Remy,Valentina,AMETHYSTS,SEASHELLS,10002,1
1830,255000,Valentina,Remy,STARFRUIT,SEASHELLS,4955,1
1831,255100,SUBMISSION,,AMETHYSTS,SEASHELLS,9998,10
1832,255100,SUBMISSION,Remy,AMETHYSTS,SEASHELLS,9997,1
1833,255100,Vinnie,Remy,STARFRUIT,SEASHELLS,4956,1
1834,255400,Valentina,Remy,STARFRUIT,SEASHELLS,4956,1
1835,256000,Remy,Vladimir,STARFRUIT,SEASHELLS,4959,1
1836,256100,,SUBMISSION,STARFRUIT,SEASHELLS,4958,4
1837,256100,Rhianna,SUBMISSION,STARFRUIT,SEASHELLS,4958,4
1838,256500,Ruby,SUBMISSION,STARFRUIT,SEASHELLS,4957,4
1839,256500,Ruby,Valentina,STARFRUIT,SEASHELLS,4960,2
1840,256700,Ruby,SUBMISSION,STARFRUIT,SEASHELLS,4957,6
1841,256700,Ruby,Vladimir,STARFRUIT,SEASHELLS,4958,1
1842,256900,Remy,SUBMISSION,STARFRUIT,SEASHELLS,4957,1
1843,257000,Remy,SUBMISSION,AMETHYSTS,SEASHELLS,10000,1
1844,257100,,SUBMISSION,STARFRUIT,SEASHELLS,4959,1
1845,257100,Remy,SUBMISSION,STARFRUIT,SEASHELLS,4959,1
1846,257600,SUBMISSION,Remy,STARFRUIT,SEASHELLS,4956,1
1847,257600,Vinnie,Remy,AMETHYSTS,SEASHELLS,9996,1
1848,258000,Valentina,Remy,AMETHYSTS,SEASHELLS,9998,1
1849,258200,SUBMISSION,Remy,AMETHYSTS,SEASHELLS,9999,2
1850,258200,SUBMISSION,Remy,STARFRUIT,SEASHELLS,4955,2
1851,258400,Ruby,SUBMISSION,AMETHYSTS,SEASHELLS,10001,5
1852,258400,,SUBMISSION,STARFRUIT,SEASHELLS,4957,9
1853,258400,SUBMISSION,Remy,STARFRUIT,SEASHELLS,4955,1
1854,259300,SUBMISSION,Remy,AMETHYSTS,SEASHELLS,9999,1
1855,259300,SUBMISSION,Remy,STARFRUIT,SEASHELLS,4955,1
1856,259400,,SUBMISSION,AMETHYSTS,SEASHELLS,10002,3
1857,259500,Remy,Valentina,STARFRUIT,SEASHELLS,4957,1
1858,259800,SUBMISSION,,STARFRUIT,SEASHELLS,4951,7
1859,259800,SUBMISSION,Adam,STARFRUIT,SEASHELLS,4951,2
1860,260000,Remy,SUBMISSION,AMETHYSTS,SEASHELLS,10000,1
1861,260200,SUBMISSION,Remy,AMETHYSTS,SEASHELLS,9999,1
